%YAML 1.1
%TAG !u! tag:unity3d.com,2011:
--- !u!1 &1217828088846845
GameObject:
  m_ObjectHideFlags: 0
  m_CorrespondingSourceObject: {fileID: 0}
  m_PrefabInstance: {fileID: 0}
  m_PrefabAsset: {fileID: 0}
  serializedVersion: 6
  m_Component:
  - component: {fileID: 4450411242880991}
  - component: {fileID: 137192669108860013}
  m_Layer: 20
  m_Name: Armour
  m_TagString: Untagged
  m_Icon: {fileID: 0}
  m_NavMeshLayer: 0
  m_StaticEditorFlags: 0
  m_IsActive: 0
--- !u!4 &4450411242880991
Transform:
  m_ObjectHideFlags: 0
  m_CorrespondingSourceObject: {fileID: 0}
  m_PrefabInstance: {fileID: 0}
  m_PrefabAsset: {fileID: 0}
  m_GameObject: {fileID: 1217828088846845}
  m_LocalRotation: {x: -0.7071068, y: -0, z: -0, w: 0.7071068}
  m_LocalPosition: {x: 0, y: 0, z: -0.14354706}
  m_LocalScale: {x: 1, y: 1, z: 1}
  m_Children: []
  m_Father: {fileID: 4824228128420303}
  m_RootOrder: 7
  m_LocalEulerAnglesHint: {x: 0, y: 0, z: 0}
--- !u!137 &137192669108860013
SkinnedMeshRenderer:
  m_ObjectHideFlags: 0
  m_CorrespondingSourceObject: {fileID: 0}
  m_PrefabInstance: {fileID: 0}
  m_PrefabAsset: {fileID: 0}
  m_GameObject: {fileID: 1217828088846845}
  m_Enabled: 1
  m_CastShadows: 1
  m_ReceiveShadows: 1
  m_DynamicOccludee: 1
  m_MotionVectors: 1
  m_LightProbeUsage: 1
  m_ReflectionProbeUsage: 1
  m_RayTracingMode: 3
  m_RayTraceProcedural: 0
  m_RenderingLayerMask: 4294967295
  m_RendererPriority: 0
  m_Materials:
  - {fileID: 2100000, guid: 8d4a10d132018bb4fafa0917d7d0cf93, type: 2}
  m_StaticBatchInfo:
    firstSubMesh: 0
    subMeshCount: 0
  m_StaticBatchRoot: {fileID: 0}
  m_ProbeAnchor: {fileID: 0}
  m_LightProbeVolumeOverride: {fileID: 0}
  m_ScaleInLightmap: 1
  m_ReceiveGI: 1
  m_PreserveUVs: 0
  m_IgnoreNormalsForChartDetection: 0
  m_ImportantGI: 0
  m_StitchLightmapSeams: 0
  m_SelectedEditorRenderState: 3
  m_MinimumChartSize: 4
  m_AutoUVMaxDistance: 0.5
  m_AutoUVMaxAngle: 89
  m_LightmapParameters: {fileID: 0}
  m_SortingLayerID: 0
  m_SortingLayer: 0
  m_SortingOrder: 0
  serializedVersion: 2
  m_Quality: 4
  m_UpdateWhenOffscreen: 1
  m_SkinnedMotionVectors: 1
  m_Mesh: {fileID: 4300040, guid: a01d7871a3c6bd94a86a6e01e19fc9fe, type: 3}
  m_Bones:
  - {fileID: 3613601449370571063}
  - {fileID: 3613987166611154679}
  - {fileID: 3613615842493613859}
  - {fileID: 3613709240535145873}
  - {fileID: 3619006993725046093}
  - {fileID: 3613858879270663779}
  - {fileID: 3613622237081883407}
  - {fileID: 3618890917926831829}
  - {fileID: 3618795088855264785}
  - {fileID: 3618726741273705265}
  - {fileID: 3613614282038956647}
  - {fileID: 3613583825882025485}
  - {fileID: 3618912840374386517}
  m_BlendShapeWeights: []
  m_RootBone: {fileID: 3613615842493613859}
  m_AABB:
    m_Center: {x: -0.21652696, y: 0.8422644, z: 0.005171016}
    m_Extent: {x: 0.635998, y: 1.1920564, z: 0.37897933}
  m_DirtyAABB: 0
--- !u!1 &1279936366098055
GameObject:
  m_ObjectHideFlags: 0
  m_CorrespondingSourceObject: {fileID: 0}
  m_PrefabInstance: {fileID: 0}
  m_PrefabAsset: {fileID: 0}
  serializedVersion: 6
  m_Component:
  - component: {fileID: 4939171010171615}
  - component: {fileID: 137689498171345839}
  m_Layer: 20
  m_Name: Reins
  m_TagString: Untagged
  m_Icon: {fileID: 0}
  m_NavMeshLayer: 0
  m_StaticEditorFlags: 0
  m_IsActive: 1
--- !u!4 &4939171010171615
Transform:
  m_ObjectHideFlags: 0
  m_CorrespondingSourceObject: {fileID: 0}
  m_PrefabInstance: {fileID: 0}
  m_PrefabAsset: {fileID: 0}
  m_GameObject: {fileID: 1279936366098055}
  m_LocalRotation: {x: -0.7071068, y: -0, z: -0, w: 0.7071068}
  m_LocalPosition: {x: 0.0002822876, y: 0.5544595, z: -0.016716003}
  m_LocalScale: {x: 1, y: 1, z: 1}
  m_Children: []
  m_Father: {fileID: 4824228128420303}
  m_RootOrder: 4
  m_LocalEulerAnglesHint: {x: 0, y: 0, z: 0}
--- !u!137 &137689498171345839
SkinnedMeshRenderer:
  m_ObjectHideFlags: 0
  m_CorrespondingSourceObject: {fileID: 0}
  m_PrefabInstance: {fileID: 0}
  m_PrefabAsset: {fileID: 0}
  m_GameObject: {fileID: 1279936366098055}
  m_Enabled: 1
  m_CastShadows: 1
  m_ReceiveShadows: 1
  m_DynamicOccludee: 1
  m_MotionVectors: 1
  m_LightProbeUsage: 1
  m_ReflectionProbeUsage: 1
  m_RayTracingMode: 3
  m_RayTraceProcedural: 0
  m_RenderingLayerMask: 4294967295
  m_RendererPriority: 0
  m_Materials:
  - {fileID: 2100000, guid: 40e1ad78d17981c43b148efa9105b11e, type: 2}
  m_StaticBatchInfo:
    firstSubMesh: 0
    subMeshCount: 0
  m_StaticBatchRoot: {fileID: 0}
  m_ProbeAnchor: {fileID: 0}
  m_LightProbeVolumeOverride: {fileID: 0}
  m_ScaleInLightmap: 1
  m_ReceiveGI: 1
  m_PreserveUVs: 0
  m_IgnoreNormalsForChartDetection: 0
  m_ImportantGI: 0
  m_StitchLightmapSeams: 0
  m_SelectedEditorRenderState: 3
  m_MinimumChartSize: 4
  m_AutoUVMaxDistance: 0.5
  m_AutoUVMaxAngle: 89
  m_LightmapParameters: {fileID: 0}
  m_SortingLayerID: 0
  m_SortingLayer: 0
  m_SortingOrder: 0
  serializedVersion: 2
  m_Quality: 4
  m_UpdateWhenOffscreen: 1
  m_SkinnedMotionVectors: 1
  m_Mesh: {fileID: 4300014, guid: a01d7871a3c6bd94a86a6e01e19fc9fe, type: 3}
  m_Bones:
  - {fileID: 3619017699781504989}
  - {fileID: 3613900958989696397}
  - {fileID: 3613628778618068319}
  - {fileID: 3619164875121436063}
  - {fileID: 3613944326991828951}
  - {fileID: 3619157352841654839}
  m_BlendShapeWeights: []
  m_RootBone: {fileID: 3613944326991828951}
  m_AABB:
    m_Center: {x: 0.000000059604645, y: -0.8786057, z: 0.9203665}
    m_Extent: {x: 0.26671574, y: 0.47272742, z: 0.15167716}
  m_DirtyAABB: 0
--- !u!1 &1379096138525523
GameObject:
  m_ObjectHideFlags: 0
  m_CorrespondingSourceObject: {fileID: 0}
  m_PrefabInstance: {fileID: 0}
  m_PrefabAsset: {fileID: 0}
  serializedVersion: 6
  m_Component:
  - component: {fileID: 4824228128420303}
  m_Layer: 20
  m_Name: Meshes
  m_TagString: Untagged
  m_Icon: {fileID: 0}
  m_NavMeshLayer: 0
  m_StaticEditorFlags: 0
  m_IsActive: 1
--- !u!4 &4824228128420303
Transform:
  m_ObjectHideFlags: 0
  m_CorrespondingSourceObject: {fileID: 0}
  m_PrefabInstance: {fileID: 0}
  m_PrefabAsset: {fileID: 0}
  m_GameObject: {fileID: 1379096138525523}
  m_LocalRotation: {x: -0, y: -0, z: -0, w: 1}
  m_LocalPosition: {x: 0, y: 0, z: 0}
  m_LocalScale: {x: 1, y: 1, z: 1}
  m_Children:
  - {fileID: 2058472568110048835}
  - {fileID: 4571542715551223}
  - {fileID: 2058087596338193417}
  - {fileID: 2057693612779349155}
  - {fileID: 4939171010171615}
  - {fileID: 2058479678043791839}
  - {fileID: 4154667895201753}
  - {fileID: 4450411242880991}
  m_Father: {fileID: 526893371998983549}
  m_RootOrder: 2
  m_LocalEulerAnglesHint: {x: 0, y: 0, z: 0}
--- !u!1 &1444427274317519
GameObject:
  m_ObjectHideFlags: 0
  m_CorrespondingSourceObject: {fileID: 0}
  m_PrefabInstance: {fileID: 0}
  m_PrefabAsset: {fileID: 0}
  serializedVersion: 6
  m_Component:
  - component: {fileID: 4571542715551223}
  - component: {fileID: 137938516651841609}
  m_Layer: 20
  m_Name: Horse Eyes
  m_TagString: Untagged
  m_Icon: {fileID: 0}
  m_NavMeshLayer: 0
  m_StaticEditorFlags: 0
  m_IsActive: 1
--- !u!4 &4571542715551223
Transform:
  m_ObjectHideFlags: 0
  m_CorrespondingSourceObject: {fileID: 0}
  m_PrefabInstance: {fileID: 0}
  m_PrefabAsset: {fileID: 0}
  m_GameObject: {fileID: 1444427274317519}
  m_LocalRotation: {x: -0.7071068, y: -0, z: -0, w: 0.7071068}
  m_LocalPosition: {x: 0, y: 0, z: 0}
  m_LocalScale: {x: 1, y: 1, z: 1}
  m_Children: []
  m_Father: {fileID: 4824228128420303}
  m_RootOrder: 1
  m_LocalEulerAnglesHint: {x: 0, y: 0, z: 0}
--- !u!137 &137938516651841609
SkinnedMeshRenderer:
  m_ObjectHideFlags: 0
  m_CorrespondingSourceObject: {fileID: 0}
  m_PrefabInstance: {fileID: 0}
  m_PrefabAsset: {fileID: 0}
  m_GameObject: {fileID: 1444427274317519}
  m_Enabled: 1
  m_CastShadows: 1
  m_ReceiveShadows: 1
  m_DynamicOccludee: 1
  m_MotionVectors: 1
  m_LightProbeUsage: 1
  m_ReflectionProbeUsage: 1
  m_RayTracingMode: 3
  m_RayTraceProcedural: 0
  m_RenderingLayerMask: 4294967295
  m_RendererPriority: 0
  m_Materials:
  - {fileID: 2100000, guid: d72f275ed72cb9549bbddf7300e78d17, type: 2}
  m_StaticBatchInfo:
    firstSubMesh: 0
    subMeshCount: 0
  m_StaticBatchRoot: {fileID: 0}
  m_ProbeAnchor: {fileID: 0}
  m_LightProbeVolumeOverride: {fileID: 0}
  m_ScaleInLightmap: 1
  m_ReceiveGI: 1
  m_PreserveUVs: 0
  m_IgnoreNormalsForChartDetection: 0
  m_ImportantGI: 0
  m_StitchLightmapSeams: 0
  m_SelectedEditorRenderState: 3
  m_MinimumChartSize: 4
  m_AutoUVMaxDistance: 0.5
  m_AutoUVMaxAngle: 89
  m_LightmapParameters: {fileID: 0}
  m_SortingLayerID: 0
  m_SortingLayer: 0
  m_SortingOrder: 0
  serializedVersion: 2
  m_Quality: 4
  m_UpdateWhenOffscreen: 1
  m_SkinnedMotionVectors: 1
  m_Mesh: {fileID: 4300018, guid: a01d7871a3c6bd94a86a6e01e19fc9fe, type: 3}
  m_Bones:
  - {fileID: 3613583825882025485}
  m_BlendShapeWeights: []
  m_RootBone: {fileID: 3613583825882025485}
  m_AABB:
    m_Center: {x: -0.08844389, y: 0.16884844, z: -0.0000004172325}
    m_Extent: {x: 0.043368474, y: 0.03994821, z: 0.12045586}
  m_DirtyAABB: 0
--- !u!1 &1998858009579073
GameObject:
  m_ObjectHideFlags: 0
  m_CorrespondingSourceObject: {fileID: 0}
  m_PrefabInstance: {fileID: 0}
  m_PrefabAsset: {fileID: 0}
  serializedVersion: 6
  m_Component:
  - component: {fileID: 4154667895201753}
  - component: {fileID: 137082623361099415}
  m_Layer: 20
  m_Name: Reins Head
  m_TagString: Untagged
  m_Icon: {fileID: 0}
  m_NavMeshLayer: 0
  m_StaticEditorFlags: 0
  m_IsActive: 1
--- !u!4 &4154667895201753
Transform:
  m_ObjectHideFlags: 0
  m_CorrespondingSourceObject: {fileID: 0}
  m_PrefabInstance: {fileID: 0}
  m_PrefabAsset: {fileID: 0}
  m_GameObject: {fileID: 1998858009579073}
  m_LocalRotation: {x: -0.7071068, y: -0, z: -0, w: 0.7071068}
  m_LocalPosition: {x: -0.00045013428, y: 0.28585196, z: 0.15134048}
  m_LocalScale: {x: 1, y: 1, z: 1}
  m_Children: []
  m_Father: {fileID: 4824228128420303}
  m_RootOrder: 6
  m_LocalEulerAnglesHint: {x: 0, y: 0, z: 0}
--- !u!137 &137082623361099415
SkinnedMeshRenderer:
  m_ObjectHideFlags: 0
  m_CorrespondingSourceObject: {fileID: 0}
  m_PrefabInstance: {fileID: 0}
  m_PrefabAsset: {fileID: 0}
  m_GameObject: {fileID: 1998858009579073}
  m_Enabled: 1
  m_CastShadows: 1
  m_ReceiveShadows: 1
  m_DynamicOccludee: 1
  m_MotionVectors: 1
  m_LightProbeUsage: 1
  m_ReflectionProbeUsage: 1
  m_RayTracingMode: 3
  m_RayTraceProcedural: 0
  m_RenderingLayerMask: 4294967295
  m_RendererPriority: 0
  m_Materials:
  - {fileID: 2100000, guid: 40e1ad78d17981c43b148efa9105b11e, type: 2}
  m_StaticBatchInfo:
    firstSubMesh: 0
    subMeshCount: 0
  m_StaticBatchRoot: {fileID: 0}
  m_ProbeAnchor: {fileID: 0}
  m_LightProbeVolumeOverride: {fileID: 0}
  m_ScaleInLightmap: 1
  m_ReceiveGI: 1
  m_PreserveUVs: 0
  m_IgnoreNormalsForChartDetection: 0
  m_ImportantGI: 0
  m_StitchLightmapSeams: 0
  m_SelectedEditorRenderState: 3
  m_MinimumChartSize: 4
  m_AutoUVMaxDistance: 0.5
  m_AutoUVMaxAngle: 89
  m_LightmapParameters: {fileID: 0}
  m_SortingLayerID: 0
  m_SortingLayer: 0
  m_SortingOrder: 0
  serializedVersion: 2
  m_Quality: 4
  m_UpdateWhenOffscreen: 1
  m_SkinnedMotionVectors: 1
  m_Mesh: {fileID: 4300012, guid: a01d7871a3c6bd94a86a6e01e19fc9fe, type: 3}
  m_Bones:
  - {fileID: 3613614282038956647}
  - {fileID: 3613583825882025485}
  - {fileID: 3618726741273705265}
  - {fileID: 3613588785050809823}
  - {fileID: 3619159613962571029}
  m_BlendShapeWeights: []
  m_RootBone: {fileID: 3618726741273705265}
  m_AABB:
    m_Center: {x: -0.16287725, y: 0.24194616, z: 0.00045077503}
    m_Extent: {x: 0.22649558, y: 0.28592098, z: 0.14155269}
  m_DirtyAABB: 0
--- !u!1 &2060487699164945081
GameObject:
  m_ObjectHideFlags: 0
  m_CorrespondingSourceObject: {fileID: 0}
  m_PrefabInstance: {fileID: 0}
  m_PrefabAsset: {fileID: 0}
  serializedVersion: 6
  m_Component:
  - component: {fileID: 2058087596338193417}
  - component: {fileID: 2123986419039899369}
  m_Layer: 20
  m_Name: Horse Mane1 Low
  m_TagString: Untagged
  m_Icon: {fileID: 0}
  m_NavMeshLayer: 0
  m_StaticEditorFlags: 0
  m_IsActive: 1
--- !u!4 &2058087596338193417
Transform:
  m_ObjectHideFlags: 0
  m_CorrespondingSourceObject: {fileID: 0}
  m_PrefabInstance: {fileID: 0}
  m_PrefabAsset: {fileID: 0}
  m_GameObject: {fileID: 2060487699164945081}
  m_LocalRotation: {x: -0.7071068, y: -0, z: -0, w: 0.7071068}
  m_LocalPosition: {x: 0, y: 0, z: 0}
  m_LocalScale: {x: 1, y: 1, z: 1}
  m_Children: []
  m_Father: {fileID: 4824228128420303}
  m_RootOrder: 2
  m_LocalEulerAnglesHint: {x: 0, y: 0, z: 0}
--- !u!137 &2123986419039899369
SkinnedMeshRenderer:
  m_ObjectHideFlags: 0
  m_CorrespondingSourceObject: {fileID: 0}
  m_PrefabInstance: {fileID: 0}
  m_PrefabAsset: {fileID: 0}
  m_GameObject: {fileID: 2060487699164945081}
  m_Enabled: 1
  m_CastShadows: 1
  m_ReceiveShadows: 1
  m_DynamicOccludee: 1
  m_MotionVectors: 1
  m_LightProbeUsage: 1
  m_ReflectionProbeUsage: 1
  m_RayTracingMode: 3
  m_RayTraceProcedural: 0
  m_RenderingLayerMask: 4294967295
  m_RendererPriority: 0
  m_Materials:
  - {fileID: 2100000, guid: d423806909942a14187842229f39a5c1, type: 2}
  m_StaticBatchInfo:
    firstSubMesh: 0
    subMeshCount: 0
  m_StaticBatchRoot: {fileID: 0}
  m_ProbeAnchor: {fileID: 0}
  m_LightProbeVolumeOverride: {fileID: 0}
  m_ScaleInLightmap: 1
  m_ReceiveGI: 1
  m_PreserveUVs: 0
  m_IgnoreNormalsForChartDetection: 0
  m_ImportantGI: 0
  m_StitchLightmapSeams: 0
  m_SelectedEditorRenderState: 3
  m_MinimumChartSize: 4
  m_AutoUVMaxDistance: 0.5
  m_AutoUVMaxAngle: 89
  m_LightmapParameters: {fileID: 0}
  m_SortingLayerID: 0
  m_SortingLayer: 0
  m_SortingOrder: 0
  serializedVersion: 2
  m_Quality: 4
  m_UpdateWhenOffscreen: 1
  m_SkinnedMotionVectors: 1
  m_Mesh: {fileID: 4300036, guid: a01d7871a3c6bd94a86a6e01e19fc9fe, type: 3}
  m_Bones:
  - {fileID: 3613858879270663779}
  - {fileID: 3618890917926831829}
  - {fileID: 3613622237081883407}
  - {fileID: 3618795088855264785}
  - {fileID: 3618726741273705265}
  - {fileID: 3613601449370571063}
  - {fileID: 3613987166611154679}
  - {fileID: 3613583825882025485}
  - {fileID: 3613614282038956647}
  - {fileID: 3613588785050809823}
  m_BlendShapeWeights: []
  m_RootBone: {fileID: 3613987166611154679}
  m_AABB:
    m_Center: {x: -1.0478147, y: -0.5414601, z: 0.12181994}
    m_Extent: {x: 0.47999024, y: 0.5170154, z: 0.15460405}
  m_DirtyAABB: 0
--- !u!1 &2060973048889205611
GameObject:
  m_ObjectHideFlags: 0
  m_CorrespondingSourceObject: {fileID: 0}
  m_PrefabInstance: {fileID: 0}
  m_PrefabAsset: {fileID: 0}
  serializedVersion: 6
  m_Component:
  - component: {fileID: 2058479678043791839}
  - component: {fileID: 2123110629575868307}
  m_Layer: 20
  m_Name: Saddle Low
  m_TagString: Untagged
  m_Icon: {fileID: 0}
  m_NavMeshLayer: 0
  m_StaticEditorFlags: 0
  m_IsActive: 1
--- !u!4 &2058479678043791839
Transform:
  m_ObjectHideFlags: 0
  m_CorrespondingSourceObject: {fileID: 0}
  m_PrefabInstance: {fileID: 0}
  m_PrefabAsset: {fileID: 0}
  m_GameObject: {fileID: 2060973048889205611}
  m_LocalRotation: {x: -0.7071068, y: -0, z: -0, w: 0.7071068}
  m_LocalPosition: {x: -0.00045013428, y: 0.28585196, z: 0.15134048}
  m_LocalScale: {x: 1, y: 1, z: 1}
  m_Children: []
  m_Father: {fileID: 4824228128420303}
  m_RootOrder: 5
  m_LocalEulerAnglesHint: {x: 0, y: 0, z: 0}
--- !u!137 &2123110629575868307
SkinnedMeshRenderer:
  m_ObjectHideFlags: 0
  m_CorrespondingSourceObject: {fileID: 0}
  m_PrefabInstance: {fileID: 0}
  m_PrefabAsset: {fileID: 0}
  m_GameObject: {fileID: 2060973048889205611}
  m_Enabled: 1
  m_CastShadows: 1
  m_ReceiveShadows: 1
  m_DynamicOccludee: 1
  m_MotionVectors: 1
  m_LightProbeUsage: 1
  m_ReflectionProbeUsage: 1
  m_RayTracingMode: 3
  m_RayTraceProcedural: 0
  m_RenderingLayerMask: 4294967295
  m_RendererPriority: 0
  m_Materials:
  - {fileID: 2100000, guid: 40e1ad78d17981c43b148efa9105b11e, type: 2}
  m_StaticBatchInfo:
    firstSubMesh: 0
    subMeshCount: 0
  m_StaticBatchRoot: {fileID: 0}
  m_ProbeAnchor: {fileID: 0}
  m_LightProbeVolumeOverride: {fileID: 0}
  m_ScaleInLightmap: 1
  m_ReceiveGI: 1
  m_PreserveUVs: 0
  m_IgnoreNormalsForChartDetection: 0
  m_ImportantGI: 0
  m_StitchLightmapSeams: 0
  m_SelectedEditorRenderState: 3
  m_MinimumChartSize: 4
  m_AutoUVMaxDistance: 0.5
  m_AutoUVMaxAngle: 89
  m_LightmapParameters: {fileID: 0}
  m_SortingLayerID: 0
  m_SortingLayer: 0
  m_SortingOrder: 0
  serializedVersion: 2
  m_Quality: 4
  m_UpdateWhenOffscreen: 1
  m_SkinnedMotionVectors: 1
  m_Mesh: {fileID: 4300026, guid: a01d7871a3c6bd94a86a6e01e19fc9fe, type: 3}
  m_Bones:
  - {fileID: 3613858879270663779}
  - {fileID: 3613601449370571063}
  - {fileID: 3613987166611154679}
  - {fileID: 3613622237081883407}
  - {fileID: 3618890917926831829}
  - {fileID: 3618795088855264785}
  - {fileID: 3613615842493613859}
  - {fileID: 3613709240535145873}
  - {fileID: 3613677210425982889}
  - {fileID: 3618912840374386517}
  - {fileID: 3619006993725046093}
  - {fileID: 3618908137172175791}
  m_BlendShapeWeights: []
  m_RootBone: {fileID: 3613615842493613859}
  m_AABB:
    m_Center: {x: 0.10852069, y: 0.5722436, z: 0.00044816732}
    m_Extent: {x: 0.51500416, y: 0.46016535, z: 0.41792643}
  m_DirtyAABB: 0
--- !u!1 &2061277977722451149
GameObject:
  m_ObjectHideFlags: 0
  m_CorrespondingSourceObject: {fileID: 0}
  m_PrefabInstance: {fileID: 0}
  m_PrefabAsset: {fileID: 0}
  serializedVersion: 6
  m_Component:
  - component: {fileID: 2058472568110048835}
  - component: {fileID: 2123299589492756963}
  m_Layer: 20
  m_Name: Horse Body Low
  m_TagString: Untagged
  m_Icon: {fileID: 0}
  m_NavMeshLayer: 0
  m_StaticEditorFlags: 0
  m_IsActive: 1
--- !u!4 &2058472568110048835
Transform:
  m_ObjectHideFlags: 0
  m_CorrespondingSourceObject: {fileID: 0}
  m_PrefabInstance: {fileID: 0}
  m_PrefabAsset: {fileID: 0}
  m_GameObject: {fileID: 2061277977722451149}
  m_LocalRotation: {x: -0.7071068, y: -0, z: -0, w: 0.7071068}
  m_LocalPosition: {x: 0, y: 0, z: 0}
  m_LocalScale: {x: 1, y: 1, z: 1}
  m_Children: []
  m_Father: {fileID: 4824228128420303}
  m_RootOrder: 0
  m_LocalEulerAnglesHint: {x: 0, y: 0, z: 0}
--- !u!137 &2123299589492756963
SkinnedMeshRenderer:
  m_ObjectHideFlags: 0
  m_CorrespondingSourceObject: {fileID: 0}
  m_PrefabInstance: {fileID: 0}
  m_PrefabAsset: {fileID: 0}
  m_GameObject: {fileID: 2061277977722451149}
  m_Enabled: 1
  m_CastShadows: 1
  m_ReceiveShadows: 1
  m_DynamicOccludee: 1
  m_MotionVectors: 1
  m_LightProbeUsage: 1
  m_ReflectionProbeUsage: 1
  m_RayTracingMode: 3
  m_RayTraceProcedural: 0
  m_RenderingLayerMask: 4294967295
  m_RendererPriority: 0
  m_Materials:
  - {fileID: 2100000, guid: 4a303854212219f4bbbd9a546d8e515d, type: 2}
  m_StaticBatchInfo:
    firstSubMesh: 0
    subMeshCount: 0
  m_StaticBatchRoot: {fileID: 0}
  m_ProbeAnchor: {fileID: 0}
  m_LightProbeVolumeOverride: {fileID: 0}
  m_ScaleInLightmap: 1
  m_ReceiveGI: 1
  m_PreserveUVs: 0
  m_IgnoreNormalsForChartDetection: 0
  m_ImportantGI: 0
  m_StitchLightmapSeams: 0
  m_SelectedEditorRenderState: 3
  m_MinimumChartSize: 4
  m_AutoUVMaxDistance: 0.5
  m_AutoUVMaxAngle: 89
  m_LightmapParameters: {fileID: 0}
  m_SortingLayerID: 0
  m_SortingLayer: 0
  m_SortingOrder: 0
  serializedVersion: 2
  m_Quality: 4
  m_UpdateWhenOffscreen: 1
  m_SkinnedMotionVectors: 1
  m_Mesh: {fileID: 4300028, guid: a01d7871a3c6bd94a86a6e01e19fc9fe, type: 3}
  m_Bones:
  - {fileID: 3613858879270663779}
  - {fileID: 3613622237081883407}
  - {fileID: 3613677210425982889}
  - {fileID: 3618795088855264785}
  - {fileID: 3613601449370571063}
  - {fileID: 3614013047027775437}
  - {fileID: 3618726741273705265}
  - {fileID: 3618890917926831829}
  - {fileID: 3613614282038956647}
  - {fileID: 3613583825882025485}
  - {fileID: 3613709240535145873}
  - {fileID: 3618809916466095249}
  - {fileID: 3613668289424655101}
  - {fileID: 3618789046695722549}
  - {fileID: 3613680661973798513}
  - {fileID: 3613987166611154679}
  - {fileID: 3613615842493613859}
  - {fileID: 3613954417508457099}
  - {fileID: 3618912840374386517}
  - {fileID: 3619006993725046093}
  - {fileID: 3613588785050809823}
  - {fileID: 3618992329576404561}
  - {fileID: 3613658214148483773}
  - {fileID: 3613866125027074491}
  - {fileID: 3618908137172175791}
  - {fileID: 3618909024111010429}
  - {fileID: 3619076855932152553}
  - {fileID: 3613706083857709607}
  - {fileID: 3613849879709191975}
  - {fileID: 3619159613962571029}
  - {fileID: 3618823142641266503}
  - {fileID: 3613993014904088677}
  - {fileID: 3618848990187332503}
  m_BlendShapeWeights: []
  m_RootBone: {fileID: 3613615842493613859}
  m_AABB:
    m_Center: {x: 0.2880053, y: 0.8225529, z: -0.000036999583}
    m_Extent: {x: 1.0673003, y: 1.2269497, z: 0.3133303}
  m_DirtyAABB: 0
--- !u!1 &2061320666037121709
GameObject:
  m_ObjectHideFlags: 0
  m_CorrespondingSourceObject: {fileID: 0}
  m_PrefabInstance: {fileID: 0}
  m_PrefabAsset: {fileID: 0}
  serializedVersion: 6
  m_Component:
  - component: {fileID: 2057693612779349155}
  - component: {fileID: 2123655706927724015}
  m_Layer: 20
  m_Name: Horse Tail Low
  m_TagString: Untagged
  m_Icon: {fileID: 0}
  m_NavMeshLayer: 0
  m_StaticEditorFlags: 0
  m_IsActive: 1
--- !u!4 &2057693612779349155
Transform:
  m_ObjectHideFlags: 0
  m_CorrespondingSourceObject: {fileID: 0}
  m_PrefabInstance: {fileID: 0}
  m_PrefabAsset: {fileID: 0}
  m_GameObject: {fileID: 2061320666037121709}
  m_LocalRotation: {x: -0.7071068, y: -0, z: -0, w: 0.7071068}
  m_LocalPosition: {x: 0, y: 0.08118362, z: -0.115169555}
  m_LocalScale: {x: 1, y: 1, z: 1}
  m_Children: []
  m_Father: {fileID: 4824228128420303}
  m_RootOrder: 3
  m_LocalEulerAnglesHint: {x: 0, y: 0, z: 0}
--- !u!137 &2123655706927724015
SkinnedMeshRenderer:
  m_ObjectHideFlags: 0
  m_CorrespondingSourceObject: {fileID: 0}
  m_PrefabInstance: {fileID: 0}
  m_PrefabAsset: {fileID: 0}
  m_GameObject: {fileID: 2061320666037121709}
  m_Enabled: 1
  m_CastShadows: 1
  m_ReceiveShadows: 1
  m_DynamicOccludee: 1
  m_MotionVectors: 1
  m_LightProbeUsage: 1
  m_ReflectionProbeUsage: 1
  m_RayTracingMode: 3
  m_RayTraceProcedural: 0
  m_RenderingLayerMask: 4294967295
  m_RendererPriority: 0
  m_Materials:
  - {fileID: 2100000, guid: d423806909942a14187842229f39a5c1, type: 2}
  m_StaticBatchInfo:
    firstSubMesh: 0
    subMeshCount: 0
  m_StaticBatchRoot: {fileID: 0}
  m_ProbeAnchor: {fileID: 0}
  m_LightProbeVolumeOverride: {fileID: 0}
  m_ScaleInLightmap: 1
  m_ReceiveGI: 1
  m_PreserveUVs: 0
  m_IgnoreNormalsForChartDetection: 0
  m_ImportantGI: 0
  m_StitchLightmapSeams: 0
  m_SelectedEditorRenderState: 3
  m_MinimumChartSize: 4
  m_AutoUVMaxDistance: 0.5
  m_AutoUVMaxAngle: 89
  m_LightmapParameters: {fileID: 0}
  m_SortingLayerID: 0
  m_SortingLayer: 0
  m_SortingOrder: 0
  serializedVersion: 2
  m_Quality: 4
  m_UpdateWhenOffscreen: 1
  m_SkinnedMotionVectors: 1
  m_Mesh: {fileID: 4300030, guid: a01d7871a3c6bd94a86a6e01e19fc9fe, type: 3}
  m_Bones:
  - {fileID: 3618789046695722549}
  - {fileID: 3613680661973798513}
  - {fileID: 3613597199089047095}
  - {fileID: 3618693841899334995}
  - {fileID: 3618868387805798327}
  m_BlendShapeWeights: []
  m_RootBone: {fileID: 3618789046695722549}
  m_AABB:
    m_Center: {x: -0.308048, y: -0.40980408, z: -0.0000040382147}
    m_Extent: {x: 0.34566653, y: 0.5678679, z: 0.08307624}
  m_DirtyAABB: 0
--- !u!1001 &522710433946472957
PrefabInstance:
  m_ObjectHideFlags: 0
  serializedVersion: 2
  m_Modification:
    m_TransformParent: {fileID: 0}
    m_Modifications:
    - target: {fileID: 1214760538398376, guid: 048c7ab51fa1d6a46976c7edfb52b928, type: 3}
      propertyPath: m_Name
      value: Horse Realistic Mobile
      objectReference: {fileID: 0}
    - target: {fileID: 4201114597901440, guid: 048c7ab51fa1d6a46976c7edfb52b928, type: 3}
      propertyPath: m_RootOrder
      value: 0
      objectReference: {fileID: 0}
    - target: {fileID: 4201114597901440, guid: 048c7ab51fa1d6a46976c7edfb52b928, type: 3}
      propertyPath: m_LocalPosition.x
      value: 0
      objectReference: {fileID: 0}
    - target: {fileID: 4201114597901440, guid: 048c7ab51fa1d6a46976c7edfb52b928, type: 3}
      propertyPath: m_LocalPosition.y
      value: 0
      objectReference: {fileID: 0}
    - target: {fileID: 4201114597901440, guid: 048c7ab51fa1d6a46976c7edfb52b928, type: 3}
      propertyPath: m_LocalPosition.z
      value: 0
      objectReference: {fileID: 0}
    - target: {fileID: 4201114597901440, guid: 048c7ab51fa1d6a46976c7edfb52b928, type: 3}
      propertyPath: m_LocalRotation.w
      value: 1
      objectReference: {fileID: 0}
    - target: {fileID: 4201114597901440, guid: 048c7ab51fa1d6a46976c7edfb52b928, type: 3}
      propertyPath: m_LocalRotation.x
      value: 0
      objectReference: {fileID: 0}
    - target: {fileID: 4201114597901440, guid: 048c7ab51fa1d6a46976c7edfb52b928, type: 3}
      propertyPath: m_LocalRotation.y
      value: 0
      objectReference: {fileID: 0}
    - target: {fileID: 4201114597901440, guid: 048c7ab51fa1d6a46976c7edfb52b928, type: 3}
      propertyPath: m_LocalRotation.z
      value: 0
      objectReference: {fileID: 0}
    - target: {fileID: 4201114597901440, guid: 048c7ab51fa1d6a46976c7edfb52b928, type: 3}
      propertyPath: m_LocalEulerAnglesHint.x
      value: 0
      objectReference: {fileID: 0}
    - target: {fileID: 4201114597901440, guid: 048c7ab51fa1d6a46976c7edfb52b928, type: 3}
      propertyPath: m_LocalEulerAnglesHint.y
      value: 0
      objectReference: {fileID: 0}
    - target: {fileID: 4201114597901440, guid: 048c7ab51fa1d6a46976c7edfb52b928, type: 3}
      propertyPath: m_LocalEulerAnglesHint.z
      value: 0
      objectReference: {fileID: 0}
    - target: {fileID: 4456546844378882, guid: 048c7ab51fa1d6a46976c7edfb52b928, type: 3}
      propertyPath: m_RootOrder
      value: 3
      objectReference: {fileID: 0}
    - target: {fileID: 95046294114390040, guid: 048c7ab51fa1d6a46976c7edfb52b928, type: 3}
      propertyPath: m_Avatar
      value: 
      objectReference: {fileID: 9000000, guid: a01d7871a3c6bd94a86a6e01e19fc9fe, type: 3}
    - target: {fileID: 95046294114390040, guid: 048c7ab51fa1d6a46976c7edfb52b928, type: 3}
      propertyPath: m_Controller
      value: 
      objectReference: {fileID: 9100000, guid: a2566afb929a24dc280509f65e1eeb2e, type: 2}
    - target: {fileID: 114122789239862530, guid: 048c7ab51fa1d6a46976c7edfb52b928, type: 3}
      propertyPath: RB
      value: 
      objectReference: {fileID: 7761966807250780881, guid: d0e53d217873b2342ac722aab9a090e6, type: 3}
    - target: {fileID: 114122789239862530, guid: 048c7ab51fa1d6a46976c7edfb52b928, type: 3}
      propertyPath: Anim
      value: 
      objectReference: {fileID: 7649624786315282323, guid: d0e53d217873b2342ac722aab9a090e6, type: 3}
    - target: {fileID: 114122789239862530, guid: 048c7ab51fa1d6a46976c7edfb52b928, type: 3}
      propertyPath: Editor_Tabs1
      value: 0
      objectReference: {fileID: 0}
    - target: {fileID: 114122789239862530, guid: 048c7ab51fa1d6a46976c7edfb52b928, type: 3}
      propertyPath: Editor_Tabs2
      value: 4
      objectReference: {fileID: 0}
    - target: {fileID: 114122789239862530, guid: 048c7ab51fa1d6a46976c7edfb52b928, type: 3}
      propertyPath: SmoothVertical.UseConstant
      value: 0
      objectReference: {fileID: 0}
    - target: {fileID: 114122789239862530, guid: 048c7ab51fa1d6a46976c7edfb52b928, type: 3}
      propertyPath: TurnMultiplier.UseConstant
      value: 0
      objectReference: {fileID: 0}
    - target: {fileID: 114122789239862530, guid: 048c7ab51fa1d6a46976c7edfb52b928, type: 3}
      propertyPath: useCameraInput.UseConstant
      value: 0
      objectReference: {fileID: 0}
    - target: {fileID: 114122789239862530, guid: 048c7ab51fa1d6a46976c7edfb52b928, type: 3}
      propertyPath: OnSprintEnabled.m_PersistentCalls.m_Calls.Array.data[0].m_MethodName
      value: Stat_Pin
      objectReference: {fileID: 0}
    - target: {fileID: 114122789239862530, guid: 048c7ab51fa1d6a46976c7edfb52b928, type: 3}
      propertyPath: OnSprintEnabled.m_PersistentCalls.m_Calls.Array.data[1].m_MethodName
      value: Stat_Pin_Degenerate
      objectReference: {fileID: 0}
    - target: {fileID: 114218619857334320, guid: 048c7ab51fa1d6a46976c7edfb52b928, type: 3}
      propertyPath: animator
      value: 
      objectReference: {fileID: 0}
    - target: {fileID: 114543437815420464, guid: 048c7ab51fa1d6a46976c7edfb52b928, type: 3}
      propertyPath: Events.Array.data[0].Response.m_PersistentCalls.m_Calls.Array.size
      value: 0
      objectReference: {fileID: 0}
    - target: {fileID: 114543437815420464, guid: 048c7ab51fa1d6a46976c7edfb52b928, type: 3}
      propertyPath: Events.Array.data[0].Response.m_PersistentCalls.m_Calls.Array.data[0].m_Target
      value: 
      objectReference: {fileID: 7704589400043446921, guid: d0e53d217873b2342ac722aab9a090e6, type: 3}
    - target: {fileID: 114543437815420464, guid: 048c7ab51fa1d6a46976c7edfb52b928, type: 3}
      propertyPath: Events.Array.data[2].Response.m_PersistentCalls.m_Calls.Array.data[0].m_Target
      value: 
      objectReference: {fileID: 7704589400043446921, guid: d0e53d217873b2342ac722aab9a090e6, type: 3}
    - target: {fileID: 114543437815420464, guid: 048c7ab51fa1d6a46976c7edfb52b928, type: 3}
      propertyPath: Events.Array.data[5].Response.m_PersistentCalls.m_Calls.Array.data[0].m_Target
      value: 
      objectReference: {fileID: 7704589400043446921, guid: d0e53d217873b2342ac722aab9a090e6, type: 3}
    - target: {fileID: 114543437815420464, guid: 048c7ab51fa1d6a46976c7edfb52b928, type: 3}
      propertyPath: Events.Array.data[1].ResponseInt.m_PersistentCalls.m_Calls.Array.data[0].m_Target
      value: 
      objectReference: {fileID: 7704589400043446921, guid: d0e53d217873b2342ac722aab9a090e6, type: 3}
    - target: {fileID: 114543437815420464, guid: 048c7ab51fa1d6a46976c7edfb52b928, type: 3}
      propertyPath: Events.Array.data[1].ResponseInt.m_PersistentCalls.m_Calls.Array.data[1].m_Target
      value: 
      objectReference: {fileID: 7704589400043446921, guid: d0e53d217873b2342ac722aab9a090e6, type: 3}
    - target: {fileID: 114543437815420464, guid: 048c7ab51fa1d6a46976c7edfb52b928, type: 3}
      propertyPath: Events.Array.data[2].ResponseInt.m_PersistentCalls.m_Calls.Array.data[0].m_Target
      value: 
      objectReference: {fileID: 7704589400043446921, guid: d0e53d217873b2342ac722aab9a090e6, type: 3}
    - target: {fileID: 114543437815420464, guid: 048c7ab51fa1d6a46976c7edfb52b928, type: 3}
      propertyPath: Events.Array.data[2].ResponseInt.m_PersistentCalls.m_Calls.Array.data[1].m_Target
      value: 
      objectReference: {fileID: 7704589400043446921, guid: d0e53d217873b2342ac722aab9a090e6, type: 3}
    - target: {fileID: 114543437815420464, guid: 048c7ab51fa1d6a46976c7edfb52b928, type: 3}
      propertyPath: Events.Array.data[7].ResponseInt.m_PersistentCalls.m_Calls.Array.data[0].m_Target
      value: 
      objectReference: {fileID: 0}
    - target: {fileID: 114543437815420464, guid: 048c7ab51fa1d6a46976c7edfb52b928, type: 3}
      propertyPath: Events.Array.data[1].ResponseBool.m_PersistentCalls.m_Calls.Array.data[0].m_Target
      value: 
      objectReference: {fileID: 7704589400043446921, guid: d0e53d217873b2342ac722aab9a090e6, type: 3}
    - target: {fileID: 114543437815420464, guid: 048c7ab51fa1d6a46976c7edfb52b928, type: 3}
      propertyPath: Events.Array.data[2].ResponseBool.m_PersistentCalls.m_Calls.Array.data[0].m_Target
      value: 
      objectReference: {fileID: 7704589400043446921, guid: d0e53d217873b2342ac722aab9a090e6, type: 3}
    - target: {fileID: 114543437815420464, guid: 048c7ab51fa1d6a46976c7edfb52b928, type: 3}
      propertyPath: Events.Array.data[2].ResponseBool.m_PersistentCalls.m_Calls.Array.data[1].m_Target
      value: 
      objectReference: {fileID: 7704589400043446921, guid: d0e53d217873b2342ac722aab9a090e6, type: 3}
    - target: {fileID: 114543437815420464, guid: 048c7ab51fa1d6a46976c7edfb52b928, type: 3}
      propertyPath: Events.Array.data[3].ResponseBool.m_PersistentCalls.m_Calls.Array.data[0].m_Target
      value: 
      objectReference: {fileID: 7704589400043446921, guid: d0e53d217873b2342ac722aab9a090e6, type: 3}
    - target: {fileID: 114543437815420464, guid: 048c7ab51fa1d6a46976c7edfb52b928, type: 3}
      propertyPath: Events.Array.data[3].ResponseBool.m_PersistentCalls.m_Calls.Array.data[1].m_Target
      value: 
      objectReference: {fileID: 7704589400043446921, guid: d0e53d217873b2342ac722aab9a090e6, type: 3}
    - target: {fileID: 114543437815420464, guid: 048c7ab51fa1d6a46976c7edfb52b928, type: 3}
      propertyPath: Events.Array.data[4].ResponseBool.m_PersistentCalls.m_Calls.Array.data[0].m_Target
      value: 
      objectReference: {fileID: 7704589400043446921, guid: d0e53d217873b2342ac722aab9a090e6, type: 3}
    - target: {fileID: 114543437815420464, guid: 048c7ab51fa1d6a46976c7edfb52b928, type: 3}
      propertyPath: Events.Array.data[5].ResponseBool.m_PersistentCalls.m_Calls.Array.data[0].m_Target
      value: 
      objectReference: {fileID: 7704589400043446921, guid: d0e53d217873b2342ac722aab9a090e6, type: 3}
    - target: {fileID: 114543437815420464, guid: 048c7ab51fa1d6a46976c7edfb52b928, type: 3}
      propertyPath: Events.Array.data[6].ResponseString.m_PersistentCalls.m_Calls.Array.data[0].m_Target
      value: 
      objectReference: {fileID: 0}
    - target: {fileID: 114543437815420464, guid: 048c7ab51fa1d6a46976c7edfb52b928, type: 3}
      propertyPath: Events.Array.data[7].ResponseString.m_PersistentCalls.m_Calls.Array.data[0].m_Target
      value: 
      objectReference: {fileID: 0}
    - target: {fileID: 114543437815420464, guid: 048c7ab51fa1d6a46976c7edfb52b928, type: 3}
      propertyPath: Events.Array.data[0].ResponseVector2.m_PersistentCalls.m_Calls.Array.data[0].m_Target
      value: 
      objectReference: {fileID: 7704589400043446921, guid: d0e53d217873b2342ac722aab9a090e6, type: 3}
    - target: {fileID: 114688103045821326, guid: 048c7ab51fa1d6a46976c7edfb52b928, type: 3}
      propertyPath: inputs.Array.data[6].OnInputDown.m_PersistentCalls.m_Calls.Array.data[1].m_Target
      value: 
      objectReference: {fileID: 7155995276409629062, guid: d3aa6de16e8fb9a4ca8d48506859e701, type: 3}
    - target: {fileID: 114711615101665372, guid: 048c7ab51fa1d6a46976c7edfb52b928, type: 3}
      propertyPath: stats.Array.data[0].OnStatAbove.m_PersistentCalls.m_Calls.Array.data[0].m_Target
      value: 
      objectReference: {fileID: 7704589400043446921, guid: d0e53d217873b2342ac722aab9a090e6, type: 3}
    - target: {fileID: 114711615101665372, guid: 048c7ab51fa1d6a46976c7edfb52b928, type: 3}
      propertyPath: stats.Array.data[0].OnStatBelow.m_PersistentCalls.m_Calls.Array.data[0].m_Target
      value: 
      objectReference: {fileID: 7704589400043446921, guid: d0e53d217873b2342ac722aab9a090e6, type: 3}
    - target: {fileID: 114711615101665372, guid: 048c7ab51fa1d6a46976c7edfb52b928, type: 3}
      propertyPath: stats.Array.data[1].OnStatEmpty.m_PersistentCalls.m_Calls.Array.data[0].m_Target
      value: 
      objectReference: {fileID: 7705316689189033943, guid: d0e53d217873b2342ac722aab9a090e6, type: 3}
    - target: {fileID: 114711615101665372, guid: 048c7ab51fa1d6a46976c7edfb52b928, type: 3}
      propertyPath: stats.Array.data[1].OnStatEmpty.m_PersistentCalls.m_Calls.Array.data[1].m_Target
      value: 
      objectReference: {fileID: 7704589400043446921, guid: d0e53d217873b2342ac722aab9a090e6, type: 3}
    - target: {fileID: 1471036524896791026, guid: 048c7ab51fa1d6a46976c7edfb52b928, type: 3}
      propertyPath: m_RootOrder
      value: 3
      objectReference: {fileID: 0}
    - target: {fileID: 1982478543320769466, guid: 048c7ab51fa1d6a46976c7edfb52b928, type: 3}
      propertyPath: m_RootOrder
      value: 3
      objectReference: {fileID: 0}
    - target: {fileID: 2694719153099274538, guid: 048c7ab51fa1d6a46976c7edfb52b928, type: 3}
      propertyPath: m_RootOrder
      value: 1
      objectReference: {fileID: 0}
    - target: {fileID: 3852959716440896704, guid: 048c7ab51fa1d6a46976c7edfb52b928, type: 3}
      propertyPath: m_RootOrder
      value: 1
      objectReference: {fileID: 0}
    - target: {fileID: 3853198521492940956, guid: 048c7ab51fa1d6a46976c7edfb52b928, type: 3}
      propertyPath: m_RootOrder
      value: 1
      objectReference: {fileID: 0}
    - target: {fileID: 5301645545414609949, guid: 048c7ab51fa1d6a46976c7edfb52b928, type: 3}
      propertyPath: m_RootOrder
      value: 4
      objectReference: {fileID: 0}
    - target: {fileID: 5805436420833039724, guid: 048c7ab51fa1d6a46976c7edfb52b928, type: 3}
      propertyPath: animal
      value: 
      objectReference: {fileID: 7704589400043446921, guid: d0e53d217873b2342ac722aab9a090e6, type: 3}
    - target: {fileID: 5806102981980072441, guid: 048c7ab51fa1d6a46976c7edfb52b928, type: 3}
      propertyPath: materialList.Array.size
      value: 3
      objectReference: {fileID: 0}
    - target: {fileID: 5806102981980072441, guid: 048c7ab51fa1d6a46976c7edfb52b928, type: 3}
      propertyPath: materialList.Array.data[0].mesh
      value: 
      objectReference: {fileID: 2123299589492756963}
    - target: {fileID: 5806102981980072441, guid: 048c7ab51fa1d6a46976c7edfb52b928, type: 3}
      propertyPath: materialList.Array.data[1].Name
      value: Mane
      objectReference: {fileID: 0}
    - target: {fileID: 5806102981980072441, guid: 048c7ab51fa1d6a46976c7edfb52b928, type: 3}
      propertyPath: materialList.Array.data[1].mesh
      value: 
      objectReference: {fileID: 2123986419039899369}
    - target: {fileID: 5806102981980072441, guid: 048c7ab51fa1d6a46976c7edfb52b928, type: 3}
      propertyPath: materialList.Array.data[2].Name
      value: Armor
      objectReference: {fileID: 0}
    - target: {fileID: 5806102981980072441, guid: 048c7ab51fa1d6a46976c7edfb52b928, type: 3}
      propertyPath: materialList.Array.data[2].mesh
      value: 
      objectReference: {fileID: 137192669108860013}
    - target: {fileID: 5806102981980072441, guid: 048c7ab51fa1d6a46976c7edfb52b928, type: 3}
      propertyPath: materialList.Array.data[1].Master
      value: 1
      objectReference: {fileID: 0}
    - target: {fileID: 5806102981980072441, guid: 048c7ab51fa1d6a46976c7edfb52b928, type: 3}
      propertyPath: materialList.Array.data[2].Linked
      value: 0
      objectReference: {fileID: 0}
    - target: {fileID: 5806102981980072441, guid: 048c7ab51fa1d6a46976c7edfb52b928, type: 3}
      propertyPath: materialList.Array.data[2].Master
      value: 0
      objectReference: {fileID: 0}
    - target: {fileID: 5806102981980072441, guid: 048c7ab51fa1d6a46976c7edfb52b928, type: 3}
      propertyPath: materialList.Array.data[0].HasLODs
      value: 0
      objectReference: {fileID: 0}
    - target: {fileID: 5806102981980072441, guid: 048c7ab51fa1d6a46976c7edfb52b928, type: 3}
      propertyPath: materialList.Array.data[2].HasLODs
      value: 0
      objectReference: {fileID: 0}
    - target: {fileID: 5806102981980072441, guid: 048c7ab51fa1d6a46976c7edfb52b928, type: 3}
      propertyPath: materialList.Array.data[2].current
      value: 0
      objectReference: {fileID: 0}
    - target: {fileID: 5806102981980072441, guid: 048c7ab51fa1d6a46976c7edfb52b928, type: 3}
      propertyPath: materialList.Array.data[0].LODs.Array.size
      value: 0
      objectReference: {fileID: 0}
    - target: {fileID: 5806102981980072441, guid: 048c7ab51fa1d6a46976c7edfb52b928, type: 3}
      propertyPath: materialList.Array.data[2].LODs.Array.size
      value: 0
      objectReference: {fileID: 0}
    - target: {fileID: 5806102981980072441, guid: 048c7ab51fa1d6a46976c7edfb52b928, type: 3}
      propertyPath: materialList.Array.data[1].LODs.Array.data[0]
      value: 
      objectReference: {fileID: 2123655706927724015}
    - target: {fileID: 5806102981980072441, guid: 048c7ab51fa1d6a46976c7edfb52b928, type: 3}
      propertyPath: materialList.Array.data[2].materials.Array.size
      value: 3
      objectReference: {fileID: 0}
    - target: {fileID: 5806102981980072441, guid: 048c7ab51fa1d6a46976c7edfb52b928, type: 3}
      propertyPath: materialList.Array.data[1].materials.Array.data[0]
      value: 
      objectReference: {fileID: 2100000, guid: bfa6f52b0fc2a9646abc0f3adadfbad4, type: 2}
    - target: {fileID: 5806102981980072441, guid: 048c7ab51fa1d6a46976c7edfb52b928, type: 3}
      propertyPath: materialList.Array.data[1].materials.Array.data[1]
      value: 
      objectReference: {fileID: 2100000, guid: d423806909942a14187842229f39a5c1, type: 2}
    - target: {fileID: 5806102981980072441, guid: 048c7ab51fa1d6a46976c7edfb52b928, type: 3}
      propertyPath: materialList.Array.data[1].materials.Array.data[2]
      value: 
      objectReference: {fileID: 2100000, guid: b085406a77e9d8846b1051b892071354, type: 2}
    - target: {fileID: 5806102981980072441, guid: 048c7ab51fa1d6a46976c7edfb52b928, type: 3}
      propertyPath: materialList.Array.data[1].materials.Array.data[3]
      value: 
      objectReference: {fileID: 2100000, guid: a8b6c239a1266854598a931a9370e164, type: 2}
    - target: {fileID: 5806102981980072441, guid: 048c7ab51fa1d6a46976c7edfb52b928, type: 3}
      propertyPath: materialList.Array.data[1].materials.Array.data[4]
      value: 
      objectReference: {fileID: 2100000, guid: 7c5e73bc4533d9a43b198b5573a20143, type: 2}
    - target: {fileID: 5806102981980072441, guid: 048c7ab51fa1d6a46976c7edfb52b928, type: 3}
      propertyPath: materialList.Array.data[2].materials.Array.data[0]
      value: 
      objectReference: {fileID: 2100000, guid: 8d4a10d132018bb4fafa0917d7d0cf93, type: 2}
    - target: {fileID: 5806102981980072441, guid: 048c7ab51fa1d6a46976c7edfb52b928, type: 3}
      propertyPath: materialList.Array.data[2].materials.Array.data[1]
      value: 
      objectReference: {fileID: 2100000, guid: 2d7957b153c554d4c9a485a5fb3593d9, type: 2}
    - target: {fileID: 5806102981980072441, guid: 048c7ab51fa1d6a46976c7edfb52b928, type: 3}
      propertyPath: materialList.Array.data[2].materials.Array.data[2]
      value: 
      objectReference: {fileID: 2100000, guid: 1b3d278764a381a40a703df9bbc2a839, type: 2}
    - target: {fileID: 5944741440549901831, guid: 048c7ab51fa1d6a46976c7edfb52b928, type: 3}
      propertyPath: EditorTab1
      value: 1
      objectReference: {fileID: 0}
    - target: {fileID: 7511970922096385238, guid: 048c7ab51fa1d6a46976c7edfb52b928, type: 3}
      propertyPath: m_RootOrder
      value: 0
      objectReference: {fileID: 0}
    - target: {fileID: 7606194197788076879, guid: 048c7ab51fa1d6a46976c7edfb52b928, type: 3}
      propertyPath: Meshes.Array.size
      value: 4
      objectReference: {fileID: 0}
    - target: {fileID: 7606194197788076879, guid: 048c7ab51fa1d6a46976c7edfb52b928, type: 3}
      propertyPath: Meshes.Array.data[3].Name
      value: Reins
      objectReference: {fileID: 0}
    - target: {fileID: 7606194197788076879, guid: 048c7ab51fa1d6a46976c7edfb52b928, type: 3}
      propertyPath: Meshes.Array.data[3].Current
      value: 0
      objectReference: {fileID: 0}
    - target: {fileID: 7606194197788076879, guid: 048c7ab51fa1d6a46976c7edfb52b928, type: 3}
      propertyPath: Meshes.Array.data[0].meshes.Array.data[0]
      value: 
      objectReference: {fileID: 2058479678043791839}
    - target: {fileID: 7606194197788076879, guid: 048c7ab51fa1d6a46976c7edfb52b928, type: 3}
      propertyPath: Meshes.Array.data[1].meshes.Array.data[0]
      value: 
      objectReference: {fileID: 4450411242880991}
    - target: {fileID: 7606194197788076879, guid: 048c7ab51fa1d6a46976c7edfb52b928, type: 3}
      propertyPath: Meshes.Array.data[2].meshes.Array.data[0]
      value: 
      objectReference: {fileID: 2058087596338193417}
    - target: {fileID: 7606194197788076879, guid: 048c7ab51fa1d6a46976c7edfb52b928, type: 3}
      propertyPath: Meshes.Array.data[3].meshes.Array.data[0]
      value: 
      objectReference: {fileID: 4939171010171615}
    - target: {fileID: 7900394713100477972, guid: 048c7ab51fa1d6a46976c7edfb52b928, type: 3}
      propertyPath: m_RootOrder
      value: 2
      objectReference: {fileID: 0}
    - target: {fileID: 8933883403932006946, guid: 048c7ab51fa1d6a46976c7edfb52b928, type: 3}
      propertyPath: Animal
      value: 
      objectReference: {fileID: 7704589400043446921, guid: d0e53d217873b2342ac722aab9a090e6, type: 3}
    - target: {fileID: 8933883403932006946, guid: 048c7ab51fa1d6a46976c7edfb52b928, type: 3}
      propertyPath: OnMounted.m_PersistentCalls.m_Calls.Array.data[1].m_Target
      value: 
      objectReference: {fileID: 7705316689189033943, guid: d0e53d217873b2342ac722aab9a090e6, type: 3}
    - target: {fileID: 8933883403932006946, guid: 048c7ab51fa1d6a46976c7edfb52b928, type: 3}
      propertyPath: OnMounted.m_PersistentCalls.m_Calls.Array.data[2].m_Target
      value: 
      objectReference: {fileID: 7705572690411143611, guid: d0e53d217873b2342ac722aab9a090e6, type: 3}
    - target: {fileID: 8933883403932006946, guid: 048c7ab51fa1d6a46976c7edfb52b928, type: 3}
      propertyPath: OnDismounted.m_PersistentCalls.m_Calls.Array.data[1].m_Target
      value: 
      objectReference: {fileID: 7705316689189033943, guid: d0e53d217873b2342ac722aab9a090e6, type: 3}
    - target: {fileID: 8933883403932006946, guid: 048c7ab51fa1d6a46976c7edfb52b928, type: 3}
      propertyPath: OnDismounted.m_PersistentCalls.m_Calls.Array.data[2].m_Target
      value: 
      objectReference: {fileID: 7705572690411143611, guid: d0e53d217873b2342ac722aab9a090e6, type: 3}
    - target: {fileID: 8979456493980038772, guid: 048c7ab51fa1d6a46976c7edfb52b928, type: 3}
      propertyPath: m_RootOrder
      value: 5
      objectReference: {fileID: 0}
    m_RemovedComponents:
    - {fileID: 114122789239862530, guid: 048c7ab51fa1d6a46976c7edfb52b928, type: 3}
    - {fileID: 23262460295420133, guid: 048c7ab51fa1d6a46976c7edfb52b928, type: 3}
    - {fileID: 114711615101665372, guid: 048c7ab51fa1d6a46976c7edfb52b928, type: 3}
    - {fileID: 5944741440549901831, guid: 048c7ab51fa1d6a46976c7edfb52b928, type: 3}
    - {fileID: 114543437815420464, guid: 048c7ab51fa1d6a46976c7edfb52b928, type: 3}
    - {fileID: 971719450599580553, guid: 048c7ab51fa1d6a46976c7edfb52b928, type: 3}
    - {fileID: 114688103045821326, guid: 048c7ab51fa1d6a46976c7edfb52b928, type: 3}
    - {fileID: 114218619857334320, guid: 048c7ab51fa1d6a46976c7edfb52b928, type: 3}
    - {fileID: 5869347945842096319, guid: 048c7ab51fa1d6a46976c7edfb52b928, type: 3}
  m_SourcePrefab: {fileID: 100100000, guid: 048c7ab51fa1d6a46976c7edfb52b928, type: 3}
--- !u!4 &3613900958989696397 stripped
Transform:
  m_CorrespondingSourceObject: {fileID: 3847813065273977968, guid: 048c7ab51fa1d6a46976c7edfb52b928, type: 3}
  m_PrefabInstance: {fileID: 522710433946472957}
  m_PrefabAsset: {fileID: 0}
--- !u!4 &3619157352841654839 stripped
Transform:
  m_CorrespondingSourceObject: {fileID: 3853073784149615562, guid: 048c7ab51fa1d6a46976c7edfb52b928, type: 3}
  m_PrefabInstance: {fileID: 522710433946472957}
  m_PrefabAsset: {fileID: 0}
--- !u!4 &3619017699781504989 stripped
Transform:
  m_CorrespondingSourceObject: {fileID: 3852934152396930592, guid: 048c7ab51fa1d6a46976c7edfb52b928, type: 3}
  m_PrefabInstance: {fileID: 522710433946472957}
  m_PrefabAsset: {fileID: 0}
--- !u!4 &3613944326991828951 stripped
Transform:
  m_CorrespondingSourceObject: {fileID: 3847839249171203626, guid: 048c7ab51fa1d6a46976c7edfb52b928, type: 3}
  m_PrefabInstance: {fileID: 522710433946472957}
  m_PrefabAsset: {fileID: 0}
--- !u!4 &3618912840374386517 stripped
Transform:
  m_CorrespondingSourceObject: {fileID: 3853388390482865832, guid: 048c7ab51fa1d6a46976c7edfb52b928, type: 3}
  m_PrefabInstance: {fileID: 522710433946472957}
  m_PrefabAsset: {fileID: 0}
--- !u!4 &3618908137172175791 stripped
Transform:
  m_CorrespondingSourceObject: {fileID: 3853387587002440274, guid: 048c7ab51fa1d6a46976c7edfb52b928, type: 3}
  m_PrefabInstance: {fileID: 522710433946472957}
  m_PrefabAsset: {fileID: 0}
--- !u!4 &3618909024111010429 stripped
Transform:
  m_CorrespondingSourceObject: {fileID: 3853384509895652224, guid: 048c7ab51fa1d6a46976c7edfb52b928, type: 3}
  m_PrefabInstance: {fileID: 522710433946472957}
  m_PrefabAsset: {fileID: 0}
--- !u!4 &3618848990187332503 stripped
Transform:
  m_CorrespondingSourceObject: {fileID: 3853306280233972330, guid: 048c7ab51fa1d6a46976c7edfb52b928, type: 3}
  m_PrefabInstance: {fileID: 522710433946472957}
  m_PrefabAsset: {fileID: 0}
--- !u!4 &526893371998983549 stripped
Transform:
  m_CorrespondingSourceObject: {fileID: 4201114597901440, guid: 048c7ab51fa1d6a46976c7edfb52b928, type: 3}
  m_PrefabInstance: {fileID: 522710433946472957}
  m_PrefabAsset: {fileID: 0}
--- !u!4 &3613628778618068319 stripped
Transform:
  m_CorrespondingSourceObject: {fileID: 3848108610809597090, guid: 048c7ab51fa1d6a46976c7edfb52b928, type: 3}
  m_PrefabInstance: {fileID: 522710433946472957}
  m_PrefabAsset: {fileID: 0}
--- !u!4 &3619164875121436063 stripped
Transform:
  m_CorrespondingSourceObject: {fileID: 3853059389118887010, guid: 048c7ab51fa1d6a46976c7edfb52b928, type: 3}
  m_PrefabInstance: {fileID: 522710433946472957}
  m_PrefabAsset: {fileID: 0}
--- !u!4 &3618789046695722549 stripped
Transform:
  m_CorrespondingSourceObject: {fileID: 3853268359136833480, guid: 048c7ab51fa1d6a46976c7edfb52b928, type: 3}
  m_PrefabInstance: {fileID: 522710433946472957}
  m_PrefabAsset: {fileID: 0}
--- !u!4 &3613680661973798513 stripped
Transform:
  m_CorrespondingSourceObject: {fileID: 3848138091581710220, guid: 048c7ab51fa1d6a46976c7edfb52b928, type: 3}
  m_PrefabInstance: {fileID: 522710433946472957}
  m_PrefabAsset: {fileID: 0}
--- !u!4 &3613597199089047095 stripped
Transform:
  m_CorrespondingSourceObject: {fileID: 3848072852226541514, guid: 048c7ab51fa1d6a46976c7edfb52b928, type: 3}
  m_PrefabInstance: {fileID: 522710433946472957}
  m_PrefabAsset: {fileID: 0}
--- !u!4 &3618693841899334995 stripped
Transform:
  m_CorrespondingSourceObject: {fileID: 3853151357381426350, guid: 048c7ab51fa1d6a46976c7edfb52b928, type: 3}
  m_PrefabInstance: {fileID: 522710433946472957}
  m_PrefabAsset: {fileID: 0}
--- !u!4 &3618868387805798327 stripped
Transform:
  m_CorrespondingSourceObject: {fileID: 3853330853413981770, guid: 048c7ab51fa1d6a46976c7edfb52b928, type: 3}
  m_PrefabInstance: {fileID: 522710433946472957}
  m_PrefabAsset: {fileID: 0}
--- !u!4 &3613614282038956647 stripped
Transform:
  m_CorrespondingSourceObject: {fileID: 3848089855752979354, guid: 048c7ab51fa1d6a46976c7edfb52b928, type: 3}
  m_PrefabInstance: {fileID: 522710433946472957}
  m_PrefabAsset: {fileID: 0}
--- !u!4 &3619159613962571029 stripped
Transform:
  m_CorrespondingSourceObject: {fileID: 3853071513903750376, guid: 048c7ab51fa1d6a46976c7edfb52b928, type: 3}
  m_PrefabInstance: {fileID: 522710433946472957}
  m_PrefabAsset: {fileID: 0}
--- !u!4 &3613588785050809823 stripped
Transform:
  m_CorrespondingSourceObject: {fileID: 3848046075181851682, guid: 048c7ab51fa1d6a46976c7edfb52b928, type: 3}
  m_PrefabInstance: {fileID: 522710433946472957}
  m_PrefabAsset: {fileID: 0}
--- !u!4 &3613583825882025485 stripped
Transform:
  m_CorrespondingSourceObject: {fileID: 3848058729590071280, guid: 048c7ab51fa1d6a46976c7edfb52b928, type: 3}
  m_PrefabInstance: {fileID: 522710433946472957}
  m_PrefabAsset: {fileID: 0}
--- !u!4 &3618726741273705265 stripped
Transform:
  m_CorrespondingSourceObject: {fileID: 3853188551874603724, guid: 048c7ab51fa1d6a46976c7edfb52b928, type: 3}
  m_PrefabInstance: {fileID: 522710433946472957}
  m_PrefabAsset: {fileID: 0}
--- !u!4 &3618890917926831829 stripped
Transform:
  m_CorrespondingSourceObject: {fileID: 3853366332736116520, guid: 048c7ab51fa1d6a46976c7edfb52b928, type: 3}
  m_PrefabInstance: {fileID: 522710433946472957}
  m_PrefabAsset: {fileID: 0}
--- !u!4 &3613622237081883407 stripped
Transform:
  m_CorrespondingSourceObject: {fileID: 3848079701150188274, guid: 048c7ab51fa1d6a46976c7edfb52b928, type: 3}
  m_PrefabInstance: {fileID: 522710433946472957}
  m_PrefabAsset: {fileID: 0}
--- !u!4 &3613658214148483773 stripped
Transform:
  m_CorrespondingSourceObject: {fileID: 3848115467755141952, guid: 048c7ab51fa1d6a46976c7edfb52b928, type: 3}
  m_PrefabInstance: {fileID: 522710433946472957}
  m_PrefabAsset: {fileID: 0}
--- !u!4 &3613866125027074491 stripped
Transform:
  m_CorrespondingSourceObject: {fileID: 3847765445260832838, guid: 048c7ab51fa1d6a46976c7edfb52b928, type: 3}
  m_PrefabInstance: {fileID: 522710433946472957}
  m_PrefabAsset: {fileID: 0}
--- !u!4 &3614013047027775437 stripped
Transform:
  m_CorrespondingSourceObject: {fileID: 3847912367211062832, guid: 048c7ab51fa1d6a46976c7edfb52b928, type: 3}
  m_PrefabInstance: {fileID: 522710433946472957}
  m_PrefabAsset: {fileID: 0}
--- !u!4 &3613677210425982889 stripped
Transform:
  m_CorrespondingSourceObject: {fileID: 3848139068153556564, guid: 048c7ab51fa1d6a46976c7edfb52b928, type: 3}
  m_PrefabInstance: {fileID: 522710433946472957}
  m_PrefabAsset: {fileID: 0}
--- !u!4 &3618795088855264785 stripped
Transform:
  m_CorrespondingSourceObject: {fileID: 3853252428352749548, guid: 048c7ab51fa1d6a46976c7edfb52b928, type: 3}
  m_PrefabInstance: {fileID: 522710433946472957}
  m_PrefabAsset: {fileID: 0}
--- !u!4 &3613858879270663779 stripped
Transform:
  m_CorrespondingSourceObject: {fileID: 3847775980426143646, guid: 048c7ab51fa1d6a46976c7edfb52b928, type: 3}
  m_PrefabInstance: {fileID: 522710433946472957}
  m_PrefabAsset: {fileID: 0}
--- !u!4 &3613601449370571063 stripped
Transform:
  m_CorrespondingSourceObject: {fileID: 3848076299332796618, guid: 048c7ab51fa1d6a46976c7edfb52b928, type: 3}
  m_PrefabInstance: {fileID: 522710433946472957}
  m_PrefabAsset: {fileID: 0}
--- !u!4 &3613987166611154679 stripped
Transform:
  m_CorrespondingSourceObject: {fileID: 3847899756129466122, guid: 048c7ab51fa1d6a46976c7edfb52b928, type: 3}
  m_PrefabInstance: {fileID: 522710433946472957}
  m_PrefabAsset: {fileID: 0}
--- !u!4 &3618823142641266503 stripped
Transform:
  m_CorrespondingSourceObject: {fileID: 3853302440159706810, guid: 048c7ab51fa1d6a46976c7edfb52b928, type: 3}
  m_PrefabInstance: {fileID: 522710433946472957}
  m_PrefabAsset: {fileID: 0}
--- !u!4 &3613849879709191975 stripped
Transform:
  m_CorrespondingSourceObject: {fileID: 3848311653575859930, guid: 048c7ab51fa1d6a46976c7edfb52b928, type: 3}
  m_PrefabInstance: {fileID: 522710433946472957}
  m_PrefabAsset: {fileID: 0}
--- !u!4 &3619076855932152553 stripped
Transform:
  m_CorrespondingSourceObject: {fileID: 3852971760788536084, guid: 048c7ab51fa1d6a46976c7edfb52b928, type: 3}
  m_PrefabInstance: {fileID: 522710433946472957}
  m_PrefabAsset: {fileID: 0}
--- !u!4 &3613706083857709607 stripped
Transform:
  m_CorrespondingSourceObject: {fileID: 3848181672638196698, guid: 048c7ab51fa1d6a46976c7edfb52b928, type: 3}
  m_PrefabInstance: {fileID: 522710433946472957}
  m_PrefabAsset: {fileID: 0}
--- !u!4 &3619006993725046093 stripped
Transform:
  m_CorrespondingSourceObject: {fileID: 3852901986628775088, guid: 048c7ab51fa1d6a46976c7edfb52b928, type: 3}
  m_PrefabInstance: {fileID: 522710433946472957}
  m_PrefabAsset: {fileID: 0}
--- !u!4 &3618992329576404561 stripped
Transform:
  m_CorrespondingSourceObject: {fileID: 3852886689081378732, guid: 048c7ab51fa1d6a46976c7edfb52b928, type: 3}
  m_PrefabInstance: {fileID: 522710433946472957}
  m_PrefabAsset: {fileID: 0}
--- !u!4 &3613954417508457099 stripped
Transform:
  m_CorrespondingSourceObject: {fileID: 3847853348980951926, guid: 048c7ab51fa1d6a46976c7edfb52b928, type: 3}
  m_PrefabInstance: {fileID: 522710433946472957}
  m_PrefabAsset: {fileID: 0}
--- !u!4 &3618809916466095249 stripped
Transform:
  m_CorrespondingSourceObject: {fileID: 3853271677548524908, guid: 048c7ab51fa1d6a46976c7edfb52b928, type: 3}
  m_PrefabInstance: {fileID: 522710433946472957}
  m_PrefabAsset: {fileID: 0}
--- !u!4 &3613668289424655101 stripped
Transform:
  m_CorrespondingSourceObject: {fileID: 3848148271814218496, guid: 048c7ab51fa1d6a46976c7edfb52b928, type: 3}
  m_PrefabInstance: {fileID: 522710433946472957}
  m_PrefabAsset: {fileID: 0}
--- !u!4 &3613709240535145873 stripped
Transform:
  m_CorrespondingSourceObject: {fileID: 3848171085403114604, guid: 048c7ab51fa1d6a46976c7edfb52b928, type: 3}
  m_PrefabInstance: {fileID: 522710433946472957}
  m_PrefabAsset: {fileID: 0}
--- !u!4 &3613615842493613859 stripped
Transform:
  m_CorrespondingSourceObject: {fileID: 3848095157040404190, guid: 048c7ab51fa1d6a46976c7edfb52b928, type: 3}
  m_PrefabInstance: {fileID: 522710433946472957}
  m_PrefabAsset: {fileID: 0}
--- !u!4 &3613993014904088677 stripped
Transform:
  m_CorrespondingSourceObject: {fileID: 3847887318549330328, guid: 048c7ab51fa1d6a46976c7edfb52b928, type: 3}
  m_PrefabInstance: {fileID: 522710433946472957}
  m_PrefabAsset: {fileID: 0}
