%YAML 1.1
%TAG !u! tag:unity3d.com,2011:
--- !u!1 &3182909213148563435
GameObject:
  m_ObjectHideFlags: 0
  m_CorrespondingSourceObject: {fileID: 0}
  m_PrefabInstance: {fileID: 0}
  m_PrefabAsset: {fileID: 0}
  serializedVersion: 6
  m_Component:
  - component: {fileID: 2837311455005089105}
  - component: {fileID: 6921396070976042626}
  - component: {fileID: 6921396070976042625}
  - component: {fileID: 6921396070976042627}
  - component: {fileID: 6921396070976042630}
  - component: {fileID: 6921396070976042629}
  - component: {fileID: 6921396070976042628}
  - component: {fileID: 6921396070976042631}
  - component: {fileID: 7591203589562510683}
  m_Layer: 0
  m_Name: revolver
  m_TagString: Untagged
  m_Icon: {fileID: 0}
  m_NavMeshLayer: 0
  m_StaticEditorFlags: 0
  m_IsActive: 1
--- !u!4 &2837311455005089105
Transform:
  m_ObjectHideFlags: 0
  m_CorrespondingSourceObject: {fileID: 0}
  m_PrefabInstance: {fileID: 0}
  m_PrefabAsset: {fileID: 0}
  m_GameObject: {fileID: 3182909213148563435}
  m_LocalRotation: {x: 0, y: 0, z: 0, w: 1}
  m_LocalPosition: {x: 0, y: 0, z: 0}
  m_LocalScale: {x: 1.4, y: 1.4, z: 1.4}
  m_Children:
  - {fileID: 8647039083120564344}
  - {fileID: 2715439510541501563}
  - {fileID: 4373547817143567365}
  - {fileID: 3517268156546897323}
  - {fileID: 4498221658439137511}
  - {fileID: 3700155002145881586}
  - {fileID: 6921396071606997349}
  - {fileID: 6921396071863728725}
  - {fileID: 6918592460524129926}
  m_Father: {fileID: 0}
  m_RootOrder: 0
  m_LocalEulerAnglesHint: {x: 0, y: 0, z: 0}
--- !u!54 &6921396070976042626
Rigidbody:
  m_ObjectHideFlags: 0
  m_CorrespondingSourceObject: {fileID: 0}
  m_PrefabInstance: {fileID: 0}
  m_PrefabAsset: {fileID: 0}
  m_GameObject: {fileID: 3182909213148563435}
  serializedVersion: 2
  m_Mass: 1
  m_Drag: 0
  m_AngularDrag: 0.05
  m_UseGravity: 0
  m_IsKinematic: 1
  m_Interpolate: 0
  m_Constraints: 0
  m_CollisionDetection: 0
--- !u!114 &6921396070976042625
MonoBehaviour:
  m_ObjectHideFlags: 0
  m_CorrespondingSourceObject: {fileID: 0}
  m_PrefabInstance: {fileID: 0}
  m_PrefabAsset: {fileID: 0}
  m_GameObject: {fileID: 3182909213148563435}
  m_Enabled: 1
  m_EditorHideFlags: 0
  m_Script: {fileID: 11500000, guid: 0ad34abafad169848a38072baa96cdb2, type: 3}
  m_Name: 
  m_EditorClassIdentifier: 
  m_InteractionManager: {fileID: 0}
  m_Colliders: []
  m_InteractionLayerMask:
    serializedVersion: 2
    m_Bits: 64
  m_CustomReticle: {fileID: 0}
  m_FirstHoverEntered:
    m_PersistentCalls:
      m_Calls: []
  m_LastHoverExited:
    m_PersistentCalls:
      m_Calls: []
  m_HoverEntered:
    m_PersistentCalls:
      m_Calls: []
  m_HoverExited:
    m_PersistentCalls:
      m_Calls: []
  m_SelectEntered:
    m_PersistentCalls:
      m_Calls:
      - m_Target: {fileID: 8329309635249359122, guid: fa195f2f69fee4fe9830a7b0b57ae907, type: 3}
        m_TargetAssemblyTypeName: GunController, Assembly-CSharp
        m_MethodName: SelectEntered
        m_Mode: 1
        m_Arguments:
          m_ObjectArgument: {fileID: 0}
          m_ObjectArgumentAssemblyTypeName: UnityEngine.Object, UnityEngine
          m_IntArgument: 0
          m_FloatArgument: 0
          m_StringArgument: 
          m_BoolArgument: 0
        m_CallState: 2
  m_SelectExited:
    m_PersistentCalls:
      m_Calls:
      - m_Target: {fileID: 8329309635249359122, guid: fa195f2f69fee4fe9830a7b0b57ae907, type: 3}
        m_TargetAssemblyTypeName: GunController, Assembly-CSharp
        m_MethodName: SelectExited
        m_Mode: 1
        m_Arguments:
          m_ObjectArgument: {fileID: 0}
          m_ObjectArgumentAssemblyTypeName: UnityEngine.Object, UnityEngine
          m_IntArgument: 0
          m_FloatArgument: 0
          m_StringArgument: 
          m_BoolArgument: 0
        m_CallState: 2
  m_Activated:
    m_PersistentCalls:
      m_Calls:
      - m_Target: {fileID: 8329309635249359122, guid: fa195f2f69fee4fe9830a7b0b57ae907, type: 3}
        m_TargetAssemblyTypeName: GunController, Assembly-CSharp
        m_MethodName: Activated
        m_Mode: 1
        m_Arguments:
          m_ObjectArgument: {fileID: 0}
          m_ObjectArgumentAssemblyTypeName: UnityEngine.Object, UnityEngine
          m_IntArgument: 0
          m_FloatArgument: 0
          m_StringArgument: 
          m_BoolArgument: 0
        m_CallState: 2
  m_Deactivated:
    m_PersistentCalls:
      m_Calls:
      - m_Target: {fileID: 8329309635249359122, guid: fa195f2f69fee4fe9830a7b0b57ae907, type: 3}
        m_TargetAssemblyTypeName: GunController, Assembly-CSharp
        m_MethodName: Deactivated
        m_Mode: 1
        m_Arguments:
          m_ObjectArgument: {fileID: 0}
          m_ObjectArgumentAssemblyTypeName: UnityEngine.Object, UnityEngine
          m_IntArgument: 0
          m_FloatArgument: 0
          m_StringArgument: 
          m_BoolArgument: 0
        m_CallState: 2
  m_OnFirstHoverEntered:
    m_PersistentCalls:
      m_Calls: []
  m_OnLastHoverExited:
    m_PersistentCalls:
      m_Calls: []
  m_OnHoverEntered:
    m_PersistentCalls:
      m_Calls: []
  m_OnHoverExited:
    m_PersistentCalls:
      m_Calls: []
  m_OnSelectEntered:
    m_PersistentCalls:
      m_Calls: []
  m_OnSelectExited:
    m_PersistentCalls:
      m_Calls: []
  m_OnSelectCanceled:
    m_PersistentCalls:
      m_Calls: []
  m_OnActivate:
    m_PersistentCalls:
      m_Calls: []
  m_OnDeactivate:
    m_PersistentCalls:
      m_Calls: []
  m_AttachTransform: {fileID: 6921396071863728725}
  m_AttachEaseInTime: 0.15
  m_MovementType: 2
  m_TrackPosition: 1
  m_SmoothPosition: 0
  m_SmoothPositionAmount: 5
  m_TightenPosition: 0.5
  m_TrackRotation: 1
  m_SmoothRotation: 0
  m_SmoothRotationAmount: 5
  m_TightenRotation: 0.5
  m_ThrowOnDetach: 1
  m_ThrowSmoothingDuration: 0.25
  m_ThrowSmoothingCurve:
    serializedVersion: 2
    m_Curve:
    - serializedVersion: 3
      time: 1
      value: 1
      inSlope: 0
      outSlope: 0
      tangentMode: 0
      weightedMode: 0
      inWeight: 0
      outWeight: 0
    m_PreInfinity: 2
    m_PostInfinity: 2
    m_RotationOrder: 4
  m_ThrowVelocityScale: 1.5
  m_ThrowAngularVelocityScale: 1
  m_ForceGravityOnDetach: 0
  m_RetainTransformParent: 1
--- !u!135 &6921396070976042627
SphereCollider:
  m_ObjectHideFlags: 0
  m_CorrespondingSourceObject: {fileID: 0}
  m_PrefabInstance: {fileID: 0}
  m_PrefabAsset: {fileID: 0}
  m_GameObject: {fileID: 3182909213148563435}
  m_Material: {fileID: 0}
  m_IsTrigger: 0
  m_Enabled: 1
  serializedVersion: 2
  m_Radius: 0.05
  m_Center: {x: 0, y: -0.02, z: -0.01}
--- !u!114 &6921396070976042630
MonoBehaviour:
  m_ObjectHideFlags: 0
  m_CorrespondingSourceObject: {fileID: 0}
  m_PrefabInstance: {fileID: 0}
  m_PrefabAsset: {fileID: 0}
  m_GameObject: {fileID: 3182909213148563435}
  m_Enabled: 1
  m_EditorHideFlags: 0
  m_Script: {fileID: 11500000, guid: d93377002ff7844b09691e8b07485b98, type: 3}
  m_Name: 
  m_EditorClassIdentifier: 
  audioSources:
  - {fileID: 6921396070976042629}
  - {fileID: 6921396070976042628}
  - {fileID: 7591203589562510683}
--- !u!82 &6921396070976042629
AudioSource:
  m_ObjectHideFlags: 0
  m_CorrespondingSourceObject: {fileID: 0}
  m_PrefabInstance: {fileID: 0}
  m_PrefabAsset: {fileID: 0}
  m_GameObject: {fileID: 3182909213148563435}
  m_Enabled: 1
  serializedVersion: 4
  OutputAudioMixerGroup: {fileID: 0}
  m_audioClip: {fileID: 8300000, guid: 054dacb5dff544ed0b6dd28afe4757e4, type: 3}
  m_PlayOnAwake: 0
  m_Volume: 1
  m_Pitch: 1
  Loop: 0
  Mute: 0
  Spatialize: 0
  SpatializePostEffects: 0
  Priority: 128
  DopplerLevel: 1
  MinDistance: 1
  MaxDistance: 100
  Pan2D: 0
  rolloffMode: 1
  BypassEffects: 0
  BypassListenerEffects: 0
  BypassReverbZones: 0
  rolloffCustomCurve:
    serializedVersion: 2
    m_Curve:
    - serializedVersion: 3
      time: 0
      value: 1
      inSlope: 0
      outSlope: 0
      tangentMode: 0
      weightedMode: 0
      inWeight: 0.33333334
      outWeight: 0.33333334
    - serializedVersion: 3
      time: 1
      value: 0
      inSlope: 0
      outSlope: 0
      tangentMode: 0
      weightedMode: 0
      inWeight: 0.33333334
      outWeight: 0.33333334
    m_PreInfinity: 2
    m_PostInfinity: 2
    m_RotationOrder: 4
  panLevelCustomCurve:
    serializedVersion: 2
    m_Curve:
    - serializedVersion: 3
      time: 0
      value: 1
      inSlope: 0
      outSlope: 0
      tangentMode: 0
      weightedMode: 0
      inWeight: 0.33333334
      outWeight: 0.33333334
    m_PreInfinity: 2
    m_PostInfinity: 2
    m_RotationOrder: 4
  spreadCustomCurve:
    serializedVersion: 2
    m_Curve:
    - serializedVersion: 3
      time: 0
      value: 0
      inSlope: 0
      outSlope: 0
      tangentMode: 0
      weightedMode: 0
      inWeight: 0.33333334
      outWeight: 0.33333334
    m_PreInfinity: 2
    m_PostInfinity: 2
    m_RotationOrder: 4
  reverbZoneMixCustomCurve:
    serializedVersion: 2
    m_Curve:
    - serializedVersion: 3
      time: 0
      value: 1
      inSlope: 0
      outSlope: 0
      tangentMode: 0
      weightedMode: 0
      inWeight: 0.33333334
      outWeight: 0.33333334
    m_PreInfinity: 2
    m_PostInfinity: 2
    m_RotationOrder: 4
--- !u!82 &6921396070976042628
AudioSource:
  m_ObjectHideFlags: 0
  m_CorrespondingSourceObject: {fileID: 0}
  m_PrefabInstance: {fileID: 0}
  m_PrefabAsset: {fileID: 0}
  m_GameObject: {fileID: 3182909213148563435}
  m_Enabled: 1
  serializedVersion: 4
  OutputAudioMixerGroup: {fileID: 0}
  m_audioClip: {fileID: 8300000, guid: 65b1b228ff59e4915b3a3afd9a4b668a, type: 3}
  m_PlayOnAwake: 0
  m_Volume: 1
  m_Pitch: 1
  Loop: 0
  Mute: 0
  Spatialize: 0
  SpatializePostEffects: 0
  Priority: 128
  DopplerLevel: 1
  MinDistance: 1
  MaxDistance: 100
  Pan2D: 0
  rolloffMode: 1
  BypassEffects: 0
  BypassListenerEffects: 0
  BypassReverbZones: 0
  rolloffCustomCurve:
    serializedVersion: 2
    m_Curve:
    - serializedVersion: 3
      time: 0
      value: 1
      inSlope: 0
      outSlope: 0
      tangentMode: 0
      weightedMode: 0
      inWeight: 0.33333334
      outWeight: 0.33333334
    - serializedVersion: 3
      time: 1
      value: 0
      inSlope: 0
      outSlope: 0
      tangentMode: 0
      weightedMode: 0
      inWeight: 0.33333334
      outWeight: 0.33333334
    m_PreInfinity: 2
    m_PostInfinity: 2
    m_RotationOrder: 4
  panLevelCustomCurve:
    serializedVersion: 2
    m_Curve:
    - serializedVersion: 3
      time: 0
      value: 1
      inSlope: 0
      outSlope: 0
      tangentMode: 0
      weightedMode: 0
      inWeight: 0.33333334
      outWeight: 0.33333334
    m_PreInfinity: 2
    m_PostInfinity: 2
    m_RotationOrder: 4
  spreadCustomCurve:
    serializedVersion: 2
    m_Curve:
    - serializedVersion: 3
      time: 0
      value: 0
      inSlope: 0
      outSlope: 0
      tangentMode: 0
      weightedMode: 0
      inWeight: 0.33333334
      outWeight: 0.33333334
    m_PreInfinity: 2
    m_PostInfinity: 2
    m_RotationOrder: 4
  reverbZoneMixCustomCurve:
    serializedVersion: 2
    m_Curve:
    - serializedVersion: 3
      time: 0
      value: 1
      inSlope: 0
      outSlope: 0
      tangentMode: 0
      weightedMode: 0
      inWeight: 0.33333334
      outWeight: 0.33333334
    m_PreInfinity: 2
    m_PostInfinity: 2
    m_RotationOrder: 4
--- !u!114 &6921396070976042631
MonoBehaviour:
  m_ObjectHideFlags: 0
  m_CorrespondingSourceObject: {fileID: 0}
  m_PrefabInstance: {fileID: 0}
  m_PrefabAsset: {fileID: 0}
  m_GameObject: {fileID: 3182909213148563435}
  m_Enabled: 1
  m_EditorHideFlags: 0
  m_Script: {fileID: 11500000, guid: cc279b6c87dca476c87a1835247afd7a, type: 3}
  m_Name: 
  m_EditorClassIdentifier: 
  gunType: 0
  FireSystem: {fileID: 7119167689296460834}
  BulletPoint: {fileID: 6921396071606997349}
  AmmoMax: 6
  Guard: {fileID: 4551027867456645738}
  Nab: {fileID: 4001857035131876441}
  inputActionReference_RightTriggerValue: {fileID: 5472591290919554205, guid: c348712bda248c246b8c49b3db54643f, type: 3}
  inputActionReference_LeftTriggerValue: {fileID: -2027540237994786248, guid: c348712bda248c246b8c49b3db54643f, type: 3}
--- !u!82 &7591203589562510683
AudioSource:
  m_ObjectHideFlags: 0
  m_CorrespondingSourceObject: {fileID: 0}
  m_PrefabInstance: {fileID: 0}
  m_PrefabAsset: {fileID: 0}
  m_GameObject: {fileID: 3182909213148563435}
  m_Enabled: 1
  serializedVersion: 4
  OutputAudioMixerGroup: {fileID: 0}
  m_audioClip: {fileID: 8300000, guid: a4222258e6177488da014856c3d4c3b7, type: 3}
  m_PlayOnAwake: 0
  m_Volume: 1
  m_Pitch: 1
  Loop: 0
  Mute: 0
  Spatialize: 0
  SpatializePostEffects: 0
  Priority: 128
  DopplerLevel: 1
  MinDistance: 1
  MaxDistance: 100
  Pan2D: 0
  rolloffMode: 1
  BypassEffects: 0
  BypassListenerEffects: 0
  BypassReverbZones: 0
  rolloffCustomCurve:
    serializedVersion: 2
    m_Curve:
    - serializedVersion: 3
      time: 0
      value: 1
      inSlope: 0
      outSlope: 0
      tangentMode: 0
      weightedMode: 0
      inWeight: 0.33333334
      outWeight: 0.33333334
    - serializedVersion: 3
      time: 1
      value: 0
      inSlope: 0
      outSlope: 0
      tangentMode: 0
      weightedMode: 0
      inWeight: 0.33333334
      outWeight: 0.33333334
    m_PreInfinity: 2
    m_PostInfinity: 2
    m_RotationOrder: 4
  panLevelCustomCurve:
    serializedVersion: 2
    m_Curve:
    - serializedVersion: 3
      time: 0
      value: 1
      inSlope: 0
      outSlope: 0
      tangentMode: 0
      weightedMode: 0
      inWeight: 0.33333334
      outWeight: 0.33333334
    m_PreInfinity: 2
    m_PostInfinity: 2
    m_RotationOrder: 4
  spreadCustomCurve:
    serializedVersion: 2
    m_Curve:
    - serializedVersion: 3
      time: 0
      value: 0
      inSlope: 0
      outSlope: 0
      tangentMode: 0
      weightedMode: 0
      inWeight: 0.33333334
      outWeight: 0.33333334
    m_PreInfinity: 2
    m_PostInfinity: 2
    m_RotationOrder: 4
  reverbZoneMixCustomCurve:
    serializedVersion: 2
    m_Curve:
    - serializedVersion: 3
      time: 0
      value: 1
      inSlope: 0
      outSlope: 0
      tangentMode: 0
      weightedMode: 0
      inWeight: 0.33333334
      outWeight: 0.33333334
    m_PreInfinity: 2
    m_PostInfinity: 2
    m_RotationOrder: 4
--- !u!1 &3898556534812631172
GameObject:
  m_ObjectHideFlags: 0
  m_CorrespondingSourceObject: {fileID: 0}
  m_PrefabInstance: {fileID: 0}
  m_PrefabAsset: {fileID: 0}
  serializedVersion: 6
  m_Component:
  - component: {fileID: 4498221658439137511}
  - component: {fileID: 477770876486382217}
  - component: {fileID: 6979309837181915585}
  m_Layer: 0
  m_Name: revolwer
  m_TagString: Untagged
  m_Icon: {fileID: 0}
  m_NavMeshLayer: 0
  m_StaticEditorFlags: 0
  m_IsActive: 1
--- !u!4 &4498221658439137511
Transform:
  m_ObjectHideFlags: 0
  m_CorrespondingSourceObject: {fileID: 0}
  m_PrefabInstance: {fileID: 0}
  m_PrefabAsset: {fileID: 0}
  m_GameObject: {fileID: 3898556534812631172}
  m_LocalRotation: {x: 0.000000021855694, y: 0, z: -0, w: 1}
  m_LocalPosition: {x: -0, y: -0.0015315716, z: 0.014652982}
  m_LocalScale: {x: 1, y: 1, z: 1}
  m_Children: []
  m_Father: {fileID: 2837311455005089105}
  m_RootOrder: 4
  m_LocalEulerAnglesHint: {x: 0, y: 0, z: 0}
--- !u!33 &477770876486382217
MeshFilter:
  m_ObjectHideFlags: 0
  m_CorrespondingSourceObject: {fileID: 0}
  m_PrefabInstance: {fileID: 0}
  m_PrefabAsset: {fileID: 0}
  m_GameObject: {fileID: 3898556534812631172}
  m_Mesh: {fileID: -2764525036539053138, guid: fbf8819ce1f852a49b9506d09bc4bc39, type: 3}
--- !u!23 &6979309837181915585
MeshRenderer:
  m_ObjectHideFlags: 0
  m_CorrespondingSourceObject: {fileID: 0}
  m_PrefabInstance: {fileID: 0}
  m_PrefabAsset: {fileID: 0}
  m_GameObject: {fileID: 3898556534812631172}
  m_Enabled: 1
  m_CastShadows: 1
  m_ReceiveShadows: 1
  m_DynamicOccludee: 1
  m_MotionVectors: 1
  m_LightProbeUsage: 1
  m_ReflectionProbeUsage: 1
  m_RayTracingMode: 2
  m_RayTraceProcedural: 0
  m_RenderingLayerMask: 1
  m_RendererPriority: 0
  m_Materials:
  - {fileID: 2100000, guid: 8e3285f86e608584e8be04f60480cc95, type: 2}
  m_StaticBatchInfo:
    firstSubMesh: 0
    subMeshCount: 0
  m_StaticBatchRoot: {fileID: 0}
  m_ProbeAnchor: {fileID: 0}
  m_LightProbeVolumeOverride: {fileID: 0}
  m_ScaleInLightmap: 1
  m_ReceiveGI: 1
  m_PreserveUVs: 0
  m_IgnoreNormalsForChartDetection: 0
  m_ImportantGI: 0
  m_StitchLightmapSeams: 1
  m_SelectedEditorRenderState: 3
  m_MinimumChartSize: 4
  m_AutoUVMaxDistance: 0.5
  m_AutoUVMaxAngle: 89
  m_LightmapParameters: {fileID: 0}
  m_SortingLayerID: 0
  m_SortingLayer: 0
  m_SortingOrder: 0
  m_AdditionalVertexStreams: {fileID: 0}
--- !u!1 &3962599355045848073
GameObject:
  m_ObjectHideFlags: 0
  m_CorrespondingSourceObject: {fileID: 0}
  m_PrefabInstance: {fileID: 0}
  m_PrefabAsset: {fileID: 0}
  serializedVersion: 6
  m_Component:
  - component: {fileID: 2715439510541501563}
  - component: {fileID: 5120884596425664825}
  - component: {fileID: 5085996933894319220}
  m_Layer: 0
  m_Name: gate
  m_TagString: Untagged
  m_Icon: {fileID: 0}
  m_NavMeshLayer: 0
  m_StaticEditorFlags: 0
  m_IsActive: 1
--- !u!4 &2715439510541501563
Transform:
  m_ObjectHideFlags: 0
  m_CorrespondingSourceObject: {fileID: 0}
  m_PrefabInstance: {fileID: 0}
  m_PrefabAsset: {fileID: 0}
  m_GameObject: {fileID: 3962599355045848073}
  m_LocalRotation: {x: 0.000000021855694, y: 0, z: -0, w: 1}
  m_LocalPosition: {x: 0.007031082, y: 0.024273863, z: 0.04568655}
  m_LocalScale: {x: 1, y: 1, z: 1}
  m_Children: []
  m_Father: {fileID: 2837311455005089105}
  m_RootOrder: 1
  m_LocalEulerAnglesHint: {x: 0, y: 0, z: 0}
--- !u!33 &5120884596425664825
MeshFilter:
  m_ObjectHideFlags: 0
  m_CorrespondingSourceObject: {fileID: 0}
  m_PrefabInstance: {fileID: 0}
  m_PrefabAsset: {fileID: 0}
  m_GameObject: {fileID: 3962599355045848073}
  m_Mesh: {fileID: -1556410543170635569, guid: fbf8819ce1f852a49b9506d09bc4bc39, type: 3}
--- !u!23 &5085996933894319220
MeshRenderer:
  m_ObjectHideFlags: 0
  m_CorrespondingSourceObject: {fileID: 0}
  m_PrefabInstance: {fileID: 0}
  m_PrefabAsset: {fileID: 0}
  m_GameObject: {fileID: 3962599355045848073}
  m_Enabled: 1
  m_CastShadows: 1
  m_ReceiveShadows: 1
  m_DynamicOccludee: 1
  m_MotionVectors: 1
  m_LightProbeUsage: 1
  m_ReflectionProbeUsage: 1
  m_RayTracingMode: 2
  m_RayTraceProcedural: 0
  m_RenderingLayerMask: 1
  m_RendererPriority: 0
  m_Materials:
  - {fileID: 2100000, guid: 8e3285f86e608584e8be04f60480cc95, type: 2}
  m_StaticBatchInfo:
    firstSubMesh: 0
    subMeshCount: 0
  m_StaticBatchRoot: {fileID: 0}
  m_ProbeAnchor: {fileID: 0}
  m_LightProbeVolumeOverride: {fileID: 0}
  m_ScaleInLightmap: 1
  m_ReceiveGI: 1
  m_PreserveUVs: 0
  m_IgnoreNormalsForChartDetection: 0
  m_ImportantGI: 0
  m_StitchLightmapSeams: 1
  m_SelectedEditorRenderState: 3
  m_MinimumChartSize: 4
  m_AutoUVMaxDistance: 0.5
  m_AutoUVMaxAngle: 89
  m_LightmapParameters: {fileID: 0}
  m_SortingLayerID: 0
  m_SortingLayer: 0
  m_SortingOrder: 0
  m_AdditionalVertexStreams: {fileID: 0}
--- !u!1 &4001857035131876441
GameObject:
  m_ObjectHideFlags: 0
  m_CorrespondingSourceObject: {fileID: 0}
  m_PrefabInstance: {fileID: 0}
  m_PrefabAsset: {fileID: 0}
  serializedVersion: 6
  m_Component:
  - component: {fileID: 3517268156546897323}
  - component: {fileID: 781976367051587723}
  - component: {fileID: 330990883946776378}
  m_Layer: 0
  m_Name: nab
  m_TagString: Untagged
  m_Icon: {fileID: 0}
  m_NavMeshLayer: 0
  m_StaticEditorFlags: 0
  m_IsActive: 1
--- !u!4 &3517268156546897323
Transform:
  m_ObjectHideFlags: 0
  m_CorrespondingSourceObject: {fileID: 0}
  m_PrefabInstance: {fileID: 0}
  m_PrefabAsset: {fileID: 0}
  m_GameObject: {fileID: 4001857035131876441}
  m_LocalRotation: {x: 0, y: 0, z: 0, w: 1}
  m_LocalPosition: {x: -0, y: 0.024910549, z: 0.030431284}
  m_LocalScale: {x: 1, y: 1, z: 1}
  m_Children: []
  m_Father: {fileID: 2837311455005089105}
  m_RootOrder: 3
  m_LocalEulerAnglesHint: {x: 0, y: 0, z: 0}
--- !u!33 &781976367051587723
MeshFilter:
  m_ObjectHideFlags: 0
  m_CorrespondingSourceObject: {fileID: 0}
  m_PrefabInstance: {fileID: 0}
  m_PrefabAsset: {fileID: 0}
  m_GameObject: {fileID: 4001857035131876441}
  m_Mesh: {fileID: -8312136025268313658, guid: fbf8819ce1f852a49b9506d09bc4bc39, type: 3}
--- !u!23 &330990883946776378
MeshRenderer:
  m_ObjectHideFlags: 0
  m_CorrespondingSourceObject: {fileID: 0}
  m_PrefabInstance: {fileID: 0}
  m_PrefabAsset: {fileID: 0}
  m_GameObject: {fileID: 4001857035131876441}
  m_Enabled: 1
  m_CastShadows: 1
  m_ReceiveShadows: 1
  m_DynamicOccludee: 1
  m_MotionVectors: 1
  m_LightProbeUsage: 1
  m_ReflectionProbeUsage: 1
  m_RayTracingMode: 2
  m_RayTraceProcedural: 0
  m_RenderingLayerMask: 1
  m_RendererPriority: 0
  m_Materials:
  - {fileID: 2100000, guid: 8e3285f86e608584e8be04f60480cc95, type: 2}
  m_StaticBatchInfo:
    firstSubMesh: 0
    subMeshCount: 0
  m_StaticBatchRoot: {fileID: 0}
  m_ProbeAnchor: {fileID: 0}
  m_LightProbeVolumeOverride: {fileID: 0}
  m_ScaleInLightmap: 1
  m_ReceiveGI: 1
  m_PreserveUVs: 0
  m_IgnoreNormalsForChartDetection: 0
  m_ImportantGI: 0
  m_StitchLightmapSeams: 1
  m_SelectedEditorRenderState: 3
  m_MinimumChartSize: 4
  m_AutoUVMaxDistance: 0.5
  m_AutoUVMaxAngle: 89
  m_LightmapParameters: {fileID: 0}
  m_SortingLayerID: 0
  m_SortingLayer: 0
  m_SortingOrder: 0
  m_AdditionalVertexStreams: {fileID: 0}
--- !u!1 &4551027867456645738
GameObject:
  m_ObjectHideFlags: 0
  m_CorrespondingSourceObject: {fileID: 0}
  m_PrefabInstance: {fileID: 0}
  m_PrefabAsset: {fileID: 0}
  serializedVersion: 6
  m_Component:
  - component: {fileID: 4373547817143567365}
  - component: {fileID: 5261784557797802368}
  - component: {fileID: 1636108646482539554}
  m_Layer: 0
  m_Name: guard
  m_TagString: Untagged
  m_Icon: {fileID: 0}
  m_NavMeshLayer: 0
  m_StaticEditorFlags: 0
  m_IsActive: 1
--- !u!4 &4373547817143567365
Transform:
  m_ObjectHideFlags: 0
  m_CorrespondingSourceObject: {fileID: 0}
  m_PrefabInstance: {fileID: 0}
  m_PrefabAsset: {fileID: 0}
  m_GameObject: {fileID: 4551027867456645738}
  m_LocalRotation: {x: 0, y: 0, z: 0, w: 1}
  m_LocalPosition: {x: -0.0014894782, y: 0.0070680655, z: 0.04410675}
  m_LocalScale: {x: 1, y: 1, z: 1}
  m_Children: []
  m_Father: {fileID: 2837311455005089105}
  m_RootOrder: 2
  m_LocalEulerAnglesHint: {x: 0, y: 0, z: 0}
--- !u!33 &5261784557797802368
MeshFilter:
  m_ObjectHideFlags: 0
  m_CorrespondingSourceObject: {fileID: 0}
  m_PrefabInstance: {fileID: 0}
  m_PrefabAsset: {fileID: 0}
  m_GameObject: {fileID: 4551027867456645738}
  m_Mesh: {fileID: -7676372068871432904, guid: fbf8819ce1f852a49b9506d09bc4bc39, type: 3}
--- !u!23 &1636108646482539554
MeshRenderer:
  m_ObjectHideFlags: 0
  m_CorrespondingSourceObject: {fileID: 0}
  m_PrefabInstance: {fileID: 0}
  m_PrefabAsset: {fileID: 0}
  m_GameObject: {fileID: 4551027867456645738}
  m_Enabled: 1
  m_CastShadows: 1
  m_ReceiveShadows: 1
  m_DynamicOccludee: 1
  m_MotionVectors: 1
  m_LightProbeUsage: 1
  m_ReflectionProbeUsage: 1
  m_RayTracingMode: 2
  m_RayTraceProcedural: 0
  m_RenderingLayerMask: 1
  m_RendererPriority: 0
  m_Materials:
  - {fileID: 2100000, guid: 8e3285f86e608584e8be04f60480cc95, type: 2}
  m_StaticBatchInfo:
    firstSubMesh: 0
    subMeshCount: 0
  m_StaticBatchRoot: {fileID: 0}
  m_ProbeAnchor: {fileID: 0}
  m_LightProbeVolumeOverride: {fileID: 0}
  m_ScaleInLightmap: 1
  m_ReceiveGI: 1
  m_PreserveUVs: 0
  m_IgnoreNormalsForChartDetection: 0
  m_ImportantGI: 0
  m_StitchLightmapSeams: 1
  m_SelectedEditorRenderState: 3
  m_MinimumChartSize: 4
  m_AutoUVMaxDistance: 0.5
  m_AutoUVMaxAngle: 89
  m_LightmapParameters: {fileID: 0}
  m_SortingLayerID: 0
  m_SortingLayer: 0
  m_SortingOrder: 0
  m_AdditionalVertexStreams: {fileID: 0}
--- !u!1 &5407472990895709124
GameObject:
  m_ObjectHideFlags: 0
  m_CorrespondingSourceObject: {fileID: 0}
  m_PrefabInstance: {fileID: 0}
  m_PrefabAsset: {fileID: 0}
  serializedVersion: 6
  m_Component:
  - component: {fileID: 3700155002145881586}
  - component: {fileID: 2742932401251256744}
  - component: {fileID: 9092917022925271108}
  m_Layer: 0
  m_Name: spring
  m_TagString: Untagged
  m_Icon: {fileID: 0}
  m_NavMeshLayer: 0
  m_StaticEditorFlags: 0
  m_IsActive: 1
--- !u!4 &3700155002145881586
Transform:
  m_ObjectHideFlags: 0
  m_CorrespondingSourceObject: {fileID: 0}
  m_PrefabInstance: {fileID: 0}
  m_PrefabAsset: {fileID: 0}
  m_GameObject: {fileID: 5407472990895709124}
  m_LocalRotation: {x: 0.000000021855694, y: 0, z: -0, w: 1}
  m_LocalPosition: {x: 0.007358431, y: 0.03623569, z: 0.15422867}
  m_LocalScale: {x: 1, y: 1, z: 1}
  m_Children: []
  m_Father: {fileID: 2837311455005089105}
  m_RootOrder: 5
  m_LocalEulerAnglesHint: {x: 0, y: 0, z: 0}
--- !u!33 &2742932401251256744
MeshFilter:
  m_ObjectHideFlags: 0
  m_CorrespondingSourceObject: {fileID: 0}
  m_PrefabInstance: {fileID: 0}
  m_PrefabAsset: {fileID: 0}
  m_GameObject: {fileID: 5407472990895709124}
  m_Mesh: {fileID: -6659386010508214091, guid: fbf8819ce1f852a49b9506d09bc4bc39, type: 3}
--- !u!23 &9092917022925271108
MeshRenderer:
  m_ObjectHideFlags: 0
  m_CorrespondingSourceObject: {fileID: 0}
  m_PrefabInstance: {fileID: 0}
  m_PrefabAsset: {fileID: 0}
  m_GameObject: {fileID: 5407472990895709124}
  m_Enabled: 1
  m_CastShadows: 1
  m_ReceiveShadows: 1
  m_DynamicOccludee: 1
  m_MotionVectors: 1
  m_LightProbeUsage: 1
  m_ReflectionProbeUsage: 1
  m_RayTracingMode: 2
  m_RayTraceProcedural: 0
  m_RenderingLayerMask: 1
  m_RendererPriority: 0
  m_Materials:
  - {fileID: 2100000, guid: 8e3285f86e608584e8be04f60480cc95, type: 2}
  m_StaticBatchInfo:
    firstSubMesh: 0
    subMeshCount: 0
  m_StaticBatchRoot: {fileID: 0}
  m_ProbeAnchor: {fileID: 0}
  m_LightProbeVolumeOverride: {fileID: 0}
  m_ScaleInLightmap: 1
  m_ReceiveGI: 1
  m_PreserveUVs: 0
  m_IgnoreNormalsForChartDetection: 0
  m_ImportantGI: 0
  m_StitchLightmapSeams: 1
  m_SelectedEditorRenderState: 3
  m_MinimumChartSize: 4
  m_AutoUVMaxDistance: 0.5
  m_AutoUVMaxAngle: 89
  m_LightmapParameters: {fileID: 0}
  m_SortingLayerID: 0
  m_SortingLayer: 0
  m_SortingOrder: 0
  m_AdditionalVertexStreams: {fileID: 0}
--- !u!1 &5568989588920660970
GameObject:
  m_ObjectHideFlags: 0
  m_CorrespondingSourceObject: {fileID: 0}
  m_PrefabInstance: {fileID: 0}
  m_PrefabAsset: {fileID: 0}
  serializedVersion: 6
  m_Component:
  - component: {fileID: 8647039083120564344}
  - component: {fileID: 7927928012030518062}
  - component: {fileID: 2326191155163799383}
  - component: {fileID: 6921396070976042634}
  - component: {fileID: 6921396070976042635}
  - component: {fileID: 6976926701187165857}
  m_Layer: 0
  m_Name: baraban
  m_TagString: Untagged
  m_Icon: {fileID: 0}
  m_NavMeshLayer: 0
  m_StaticEditorFlags: 0
  m_IsActive: 1
--- !u!4 &8647039083120564344
Transform:
  m_ObjectHideFlags: 0
  m_CorrespondingSourceObject: {fileID: 0}
  m_PrefabInstance: {fileID: 0}
  m_PrefabAsset: {fileID: 0}
  m_GameObject: {fileID: 5568989588920660970}
  m_LocalRotation: {x: 0, y: 0, z: 0, w: 1}
  m_LocalPosition: {x: 0, y: 0.033731475, z: 0.06291558}
  m_LocalScale: {x: 1, y: 1, z: 1}
  m_Children:
  - {fileID: 5656091094756197648}
  - {fileID: 5070748250284087861}
  - {fileID: 3207493815569461046}
  - {fileID: 7888470374258230006}
  - {fileID: 3121946458705291711}
  - {fileID: 676391545390171064}
  m_Father: {fileID: 2837311455005089105}
  m_RootOrder: 0
  m_LocalEulerAnglesHint: {x: 0, y: 0, z: 0}
--- !u!33 &7927928012030518062
MeshFilter:
  m_ObjectHideFlags: 0
  m_CorrespondingSourceObject: {fileID: 0}
  m_PrefabInstance: {fileID: 0}
  m_PrefabAsset: {fileID: 0}
  m_GameObject: {fileID: 5568989588920660970}
  m_Mesh: {fileID: 2302247984822255246, guid: fbf8819ce1f852a49b9506d09bc4bc39, type: 3}
--- !u!23 &2326191155163799383
MeshRenderer:
  m_ObjectHideFlags: 0
  m_CorrespondingSourceObject: {fileID: 0}
  m_PrefabInstance: {fileID: 0}
  m_PrefabAsset: {fileID: 0}
  m_GameObject: {fileID: 5568989588920660970}
  m_Enabled: 1
  m_CastShadows: 1
  m_ReceiveShadows: 1
  m_DynamicOccludee: 1
  m_MotionVectors: 1
  m_LightProbeUsage: 1
  m_ReflectionProbeUsage: 1
  m_RayTracingMode: 2
  m_RayTraceProcedural: 0
  m_RenderingLayerMask: 1
  m_RendererPriority: 0
  m_Materials:
  - {fileID: 2100000, guid: 8e3285f86e608584e8be04f60480cc95, type: 2}
  m_StaticBatchInfo:
    firstSubMesh: 0
    subMeshCount: 0
  m_StaticBatchRoot: {fileID: 0}
  m_ProbeAnchor: {fileID: 0}
  m_LightProbeVolumeOverride: {fileID: 0}
  m_ScaleInLightmap: 1
  m_ReceiveGI: 1
  m_PreserveUVs: 0
  m_IgnoreNormalsForChartDetection: 0
  m_ImportantGI: 0
  m_StitchLightmapSeams: 1
  m_SelectedEditorRenderState: 3
  m_MinimumChartSize: 4
  m_AutoUVMaxDistance: 0.5
  m_AutoUVMaxAngle: 89
  m_LightmapParameters: {fileID: 0}
  m_SortingLayerID: 0
  m_SortingLayer: 0
  m_SortingOrder: 0
  m_AdditionalVertexStreams: {fileID: 0}
--- !u!135 &6921396070976042634
SphereCollider:
  m_ObjectHideFlags: 0
  m_CorrespondingSourceObject: {fileID: 0}
  m_PrefabInstance: {fileID: 0}
  m_PrefabAsset: {fileID: 0}
  m_GameObject: {fileID: 5568989588920660970}
  m_Material: {fileID: 0}
  m_IsTrigger: 0
  m_Enabled: 1
  serializedVersion: 2
  m_Radius: 0.03
  m_Center: {x: 0, y: 0, z: 0}
--- !u!114 &6921396070976042635
MonoBehaviour:
  m_ObjectHideFlags: 0
  m_CorrespondingSourceObject: {fileID: 0}
  m_PrefabInstance: {fileID: 0}
  m_PrefabAsset: {fileID: 0}
  m_GameObject: {fileID: 5568989588920660970}
  m_Enabled: 1
  m_EditorHideFlags: 0
  m_Script: {fileID: 11500000, guid: 104f2bcbe3826417fb1cc085e3df46a0, type: 3}
  m_Name: 
  m_EditorClassIdentifier: 
  Bullets:
  - {fileID: 5652689952078203840}
  - {fileID: 5067378368428037349}
  - {fileID: 3210879395535036902}
  - {fileID: 7887317453622070310}
  - {fileID: 3125351557077526383}
  - {fileID: 679794964501368168}
--- !u!54 &6976926701187165857
Rigidbody:
  m_ObjectHideFlags: 0
  m_CorrespondingSourceObject: {fileID: 0}
  m_PrefabInstance: {fileID: 0}
  m_PrefabAsset: {fileID: 0}
  m_GameObject: {fileID: 5568989588920660970}
  serializedVersion: 2
  m_Mass: 1
  m_Drag: 0
  m_AngularDrag: 0.05
  m_UseGravity: 0
  m_IsKinematic: 1
  m_Interpolate: 0
  m_Constraints: 0
  m_CollisionDetection: 0
--- !u!1 &6921396071606997348
GameObject:
  m_ObjectHideFlags: 0
  m_CorrespondingSourceObject: {fileID: 0}
  m_PrefabInstance: {fileID: 0}
  m_PrefabAsset: {fileID: 0}
  serializedVersion: 6
  m_Component:
  - component: {fileID: 6921396071606997349}
  m_Layer: 0
  m_Name: BulletPoint
  m_TagString: Untagged
  m_Icon: {fileID: 0}
  m_NavMeshLayer: 0
  m_StaticEditorFlags: 0
  m_IsActive: 1
--- !u!4 &6921396071606997349
Transform:
  m_ObjectHideFlags: 0
  m_CorrespondingSourceObject: {fileID: 0}
  m_PrefabInstance: {fileID: 0}
  m_PrefabAsset: {fileID: 0}
  m_GameObject: {fileID: 6921396071606997348}
  m_LocalRotation: {x: 0, y: 0, z: 0, w: 1}
  m_LocalPosition: {x: 0, y: 0.0413, z: 0.2252}
  m_LocalScale: {x: 1, y: 1, z: 1}
  m_Children: []
  m_Father: {fileID: 2837311455005089105}
  m_RootOrder: 6
  m_LocalEulerAnglesHint: {x: 0, y: 0, z: 0}
--- !u!1 &6921396071863728724
GameObject:
  m_ObjectHideFlags: 0
  m_CorrespondingSourceObject: {fileID: 0}
  m_PrefabInstance: {fileID: 0}
  m_PrefabAsset: {fileID: 0}
  serializedVersion: 6
  m_Component:
  - component: {fileID: 6921396071863728725}
  m_Layer: 0
  m_Name: AttachTransform
  m_TagString: Untagged
  m_Icon: {fileID: 0}
  m_NavMeshLayer: 0
  m_StaticEditorFlags: 0
  m_IsActive: 1
--- !u!4 &6921396071863728725
Transform:
  m_ObjectHideFlags: 0
  m_CorrespondingSourceObject: {fileID: 0}
  m_PrefabInstance: {fileID: 0}
  m_PrefabAsset: {fileID: 0}
  m_GameObject: {fileID: 6921396071863728724}
  m_LocalRotation: {x: 0, y: 0, z: 0, w: 1}
  m_LocalPosition: {x: 0, y: 0.0009, z: 0.0109}
  m_LocalScale: {x: 1, y: 1, z: 1}
  m_Children: []
  m_Father: {fileID: 2837311455005089105}
  m_RootOrder: 7
  m_LocalEulerAnglesHint: {x: 0, y: 0, z: 0}
--- !u!1001 &93027632274824126
PrefabInstance:
  m_ObjectHideFlags: 0
  serializedVersion: 2
  m_Modification:
    m_TransformParent: {fileID: 8647039083120564344}
    m_Modifications:
    - target: {fileID: 587048811499443926, guid: 9e6614d7367c94e35bbe7a263c1c0bdb, type: 3}
      propertyPath: m_Name
      value: 9mm_Bullet_6
      objectReference: {fileID: 0}
    - target: {fileID: 588149271187314694, guid: 9e6614d7367c94e35bbe7a263c1c0bdb, type: 3}
      propertyPath: m_RootOrder
      value: 5
      objectReference: {fileID: 0}
    - target: {fileID: 588149271187314694, guid: 9e6614d7367c94e35bbe7a263c1c0bdb, type: 3}
      propertyPath: m_LocalScale.x
      value: 0.5
      objectReference: {fileID: 0}
    - target: {fileID: 588149271187314694, guid: 9e6614d7367c94e35bbe7a263c1c0bdb, type: 3}
      propertyPath: m_LocalScale.y
      value: 0.5
      objectReference: {fileID: 0}
    - target: {fileID: 588149271187314694, guid: 9e6614d7367c94e35bbe7a263c1c0bdb, type: 3}
      propertyPath: m_LocalScale.z
      value: 0.5
      objectReference: {fileID: 0}
    - target: {fileID: 588149271187314694, guid: 9e6614d7367c94e35bbe7a263c1c0bdb, type: 3}
      propertyPath: m_LocalPosition.x
      value: 0
      objectReference: {fileID: 0}
    - target: {fileID: 588149271187314694, guid: 9e6614d7367c94e35bbe7a263c1c0bdb, type: 3}
      propertyPath: m_LocalPosition.y
      value: 0.009
      objectReference: {fileID: 0}
    - target: {fileID: 588149271187314694, guid: 9e6614d7367c94e35bbe7a263c1c0bdb, type: 3}
      propertyPath: m_LocalPosition.z
      value: -0.0152
      objectReference: {fileID: 0}
    - target: {fileID: 588149271187314694, guid: 9e6614d7367c94e35bbe7a263c1c0bdb, type: 3}
      propertyPath: m_LocalRotation.w
      value: 0.7071068
      objectReference: {fileID: 0}
    - target: {fileID: 588149271187314694, guid: 9e6614d7367c94e35bbe7a263c1c0bdb, type: 3}
      propertyPath: m_LocalRotation.x
      value: 0.7071068
      objectReference: {fileID: 0}
    - target: {fileID: 588149271187314694, guid: 9e6614d7367c94e35bbe7a263c1c0bdb, type: 3}
      propertyPath: m_LocalRotation.y
      value: 0
      objectReference: {fileID: 0}
    - target: {fileID: 588149271187314694, guid: 9e6614d7367c94e35bbe7a263c1c0bdb, type: 3}
      propertyPath: m_LocalRotation.z
      value: 0
      objectReference: {fileID: 0}
    - target: {fileID: 588149271187314694, guid: 9e6614d7367c94e35bbe7a263c1c0bdb, type: 3}
      propertyPath: m_LocalEulerAnglesHint.x
      value: 90
      objectReference: {fileID: 0}
    - target: {fileID: 588149271187314694, guid: 9e6614d7367c94e35bbe7a263c1c0bdb, type: 3}
      propertyPath: m_LocalEulerAnglesHint.y
      value: 0
      objectReference: {fileID: 0}
    - target: {fileID: 588149271187314694, guid: 9e6614d7367c94e35bbe7a263c1c0bdb, type: 3}
      propertyPath: m_LocalEulerAnglesHint.z
      value: 0
      objectReference: {fileID: 0}
    m_RemovedComponents: []
  m_SourcePrefab: {fileID: 100100000, guid: 9e6614d7367c94e35bbe7a263c1c0bdb, type: 3}
--- !u!1 &679794964501368168 stripped
GameObject:
  m_CorrespondingSourceObject: {fileID: 587048811499443926, guid: 9e6614d7367c94e35bbe7a263c1c0bdb, type: 3}
  m_PrefabInstance: {fileID: 93027632274824126}
  m_PrefabAsset: {fileID: 0}
--- !u!4 &676391545390171064 stripped
Transform:
  m_CorrespondingSourceObject: {fileID: 588149271187314694, guid: 9e6614d7367c94e35bbe7a263c1c0bdb, type: 3}
  m_PrefabInstance: {fileID: 93027632274824126}
  m_PrefabAsset: {fileID: 0}
--- !u!1001 &2556610164009251257
PrefabInstance:
  m_ObjectHideFlags: 0
  serializedVersion: 2
  m_Modification:
    m_TransformParent: {fileID: 8647039083120564344}
    m_Modifications:
    - target: {fileID: 587048811499443926, guid: 9e6614d7367c94e35bbe7a263c1c0bdb, type: 3}
      propertyPath: m_Name
      value: 9mm_Bullet_5
      objectReference: {fileID: 0}
    - target: {fileID: 588149271187314694, guid: 9e6614d7367c94e35bbe7a263c1c0bdb, type: 3}
      propertyPath: m_RootOrder
      value: 4
      objectReference: {fileID: 0}
    - target: {fileID: 588149271187314694, guid: 9e6614d7367c94e35bbe7a263c1c0bdb, type: 3}
      propertyPath: m_LocalScale.x
      value: 0.5
      objectReference: {fileID: 0}
    - target: {fileID: 588149271187314694, guid: 9e6614d7367c94e35bbe7a263c1c0bdb, type: 3}
      propertyPath: m_LocalScale.y
      value: 0.5
      objectReference: {fileID: 0}
    - target: {fileID: 588149271187314694, guid: 9e6614d7367c94e35bbe7a263c1c0bdb, type: 3}
      propertyPath: m_LocalScale.z
      value: 0.5
      objectReference: {fileID: 0}
    - target: {fileID: 588149271187314694, guid: 9e6614d7367c94e35bbe7a263c1c0bdb, type: 3}
      propertyPath: m_LocalPosition.x
      value: -0.0078
      objectReference: {fileID: 0}
    - target: {fileID: 588149271187314694, guid: 9e6614d7367c94e35bbe7a263c1c0bdb, type: 3}
      propertyPath: m_LocalPosition.y
      value: 0.0046
      objectReference: {fileID: 0}
    - target: {fileID: 588149271187314694, guid: 9e6614d7367c94e35bbe7a263c1c0bdb, type: 3}
      propertyPath: m_LocalPosition.z
      value: -0.0152
      objectReference: {fileID: 0}
    - target: {fileID: 588149271187314694, guid: 9e6614d7367c94e35bbe7a263c1c0bdb, type: 3}
      propertyPath: m_LocalRotation.w
      value: 0.7071068
      objectReference: {fileID: 0}
    - target: {fileID: 588149271187314694, guid: 9e6614d7367c94e35bbe7a263c1c0bdb, type: 3}
      propertyPath: m_LocalRotation.x
      value: 0.7071068
      objectReference: {fileID: 0}
    - target: {fileID: 588149271187314694, guid: 9e6614d7367c94e35bbe7a263c1c0bdb, type: 3}
      propertyPath: m_LocalRotation.y
      value: 0
      objectReference: {fileID: 0}
    - target: {fileID: 588149271187314694, guid: 9e6614d7367c94e35bbe7a263c1c0bdb, type: 3}
      propertyPath: m_LocalRotation.z
      value: 0
      objectReference: {fileID: 0}
    - target: {fileID: 588149271187314694, guid: 9e6614d7367c94e35bbe7a263c1c0bdb, type: 3}
      propertyPath: m_LocalEulerAnglesHint.x
      value: 90
      objectReference: {fileID: 0}
    - target: {fileID: 588149271187314694, guid: 9e6614d7367c94e35bbe7a263c1c0bdb, type: 3}
      propertyPath: m_LocalEulerAnglesHint.y
      value: 0
      objectReference: {fileID: 0}
    - target: {fileID: 588149271187314694, guid: 9e6614d7367c94e35bbe7a263c1c0bdb, type: 3}
      propertyPath: m_LocalEulerAnglesHint.z
      value: 0
      objectReference: {fileID: 0}
    m_RemovedComponents: []
  m_SourcePrefab: {fileID: 100100000, guid: 9e6614d7367c94e35bbe7a263c1c0bdb, type: 3}
--- !u!1 &3125351557077526383 stripped
GameObject:
  m_CorrespondingSourceObject: {fileID: 587048811499443926, guid: 9e6614d7367c94e35bbe7a263c1c0bdb, type: 3}
  m_PrefabInstance: {fileID: 2556610164009251257}
  m_PrefabAsset: {fileID: 0}
--- !u!4 &3121946458705291711 stripped
Transform:
  m_CorrespondingSourceObject: {fileID: 588149271187314694, guid: 9e6614d7367c94e35bbe7a263c1c0bdb, type: 3}
  m_PrefabInstance: {fileID: 2556610164009251257}
  m_PrefabAsset: {fileID: 0}
--- !u!1001 &2642144055076714288
PrefabInstance:
  m_ObjectHideFlags: 0
  serializedVersion: 2
  m_Modification:
    m_TransformParent: {fileID: 8647039083120564344}
    m_Modifications:
    - target: {fileID: 587048811499443926, guid: 9e6614d7367c94e35bbe7a263c1c0bdb, type: 3}
      propertyPath: m_Name
      value: 9mm_Bullet_3
      objectReference: {fileID: 0}
    - target: {fileID: 588149271187314694, guid: 9e6614d7367c94e35bbe7a263c1c0bdb, type: 3}
      propertyPath: m_RootOrder
      value: 2
      objectReference: {fileID: 0}
    - target: {fileID: 588149271187314694, guid: 9e6614d7367c94e35bbe7a263c1c0bdb, type: 3}
      propertyPath: m_LocalScale.x
      value: 0.5
      objectReference: {fileID: 0}
    - target: {fileID: 588149271187314694, guid: 9e6614d7367c94e35bbe7a263c1c0bdb, type: 3}
      propertyPath: m_LocalScale.y
      value: 0.5
      objectReference: {fileID: 0}
    - target: {fileID: 588149271187314694, guid: 9e6614d7367c94e35bbe7a263c1c0bdb, type: 3}
      propertyPath: m_LocalScale.z
      value: 0.5
      objectReference: {fileID: 0}
    - target: {fileID: 588149271187314694, guid: 9e6614d7367c94e35bbe7a263c1c0bdb, type: 3}
      propertyPath: m_LocalPosition.x
      value: 0
      objectReference: {fileID: 0}
    - target: {fileID: 588149271187314694, guid: 9e6614d7367c94e35bbe7a263c1c0bdb, type: 3}
      propertyPath: m_LocalPosition.y
      value: -0.009
      objectReference: {fileID: 0}
    - target: {fileID: 588149271187314694, guid: 9e6614d7367c94e35bbe7a263c1c0bdb, type: 3}
      propertyPath: m_LocalPosition.z
      value: -0.0152
      objectReference: {fileID: 0}
    - target: {fileID: 588149271187314694, guid: 9e6614d7367c94e35bbe7a263c1c0bdb, type: 3}
      propertyPath: m_LocalRotation.w
      value: 0.7071068
      objectReference: {fileID: 0}
    - target: {fileID: 588149271187314694, guid: 9e6614d7367c94e35bbe7a263c1c0bdb, type: 3}
      propertyPath: m_LocalRotation.x
      value: 0.7071068
      objectReference: {fileID: 0}
    - target: {fileID: 588149271187314694, guid: 9e6614d7367c94e35bbe7a263c1c0bdb, type: 3}
      propertyPath: m_LocalRotation.y
      value: 0
      objectReference: {fileID: 0}
    - target: {fileID: 588149271187314694, guid: 9e6614d7367c94e35bbe7a263c1c0bdb, type: 3}
      propertyPath: m_LocalRotation.z
      value: 0
      objectReference: {fileID: 0}
    - target: {fileID: 588149271187314694, guid: 9e6614d7367c94e35bbe7a263c1c0bdb, type: 3}
      propertyPath: m_LocalEulerAnglesHint.x
      value: 90
      objectReference: {fileID: 0}
    - target: {fileID: 588149271187314694, guid: 9e6614d7367c94e35bbe7a263c1c0bdb, type: 3}
      propertyPath: m_LocalEulerAnglesHint.y
      value: 0
      objectReference: {fileID: 0}
    - target: {fileID: 588149271187314694, guid: 9e6614d7367c94e35bbe7a263c1c0bdb, type: 3}
      propertyPath: m_LocalEulerAnglesHint.z
      value: 0
      objectReference: {fileID: 0}
    m_RemovedComponents: []
  m_SourcePrefab: {fileID: 100100000, guid: 9e6614d7367c94e35bbe7a263c1c0bdb, type: 3}
--- !u!4 &3207493815569461046 stripped
Transform:
  m_CorrespondingSourceObject: {fileID: 588149271187314694, guid: 9e6614d7367c94e35bbe7a263c1c0bdb, type: 3}
  m_PrefabInstance: {fileID: 2642144055076714288}
  m_PrefabAsset: {fileID: 0}
--- !u!1 &3210879395535036902 stripped
GameObject:
  m_CorrespondingSourceObject: {fileID: 587048811499443926, guid: 9e6614d7367c94e35bbe7a263c1c0bdb, type: 3}
  m_PrefabInstance: {fileID: 2642144055076714288}
  m_PrefabAsset: {fileID: 0}
--- !u!1001 &5068799487736536342
PrefabInstance:
  m_ObjectHideFlags: 0
  serializedVersion: 2
  m_Modification:
    m_TransformParent: {fileID: 8647039083120564344}
    m_Modifications:
    - target: {fileID: 587048811499443926, guid: 9e6614d7367c94e35bbe7a263c1c0bdb, type: 3}
      propertyPath: m_Name
      value: 9mm_Bullet_1
      objectReference: {fileID: 0}
    - target: {fileID: 588149271187314694, guid: 9e6614d7367c94e35bbe7a263c1c0bdb, type: 3}
      propertyPath: m_RootOrder
      value: 0
      objectReference: {fileID: 0}
    - target: {fileID: 588149271187314694, guid: 9e6614d7367c94e35bbe7a263c1c0bdb, type: 3}
      propertyPath: m_LocalScale.x
      value: 0.5
      objectReference: {fileID: 0}
    - target: {fileID: 588149271187314694, guid: 9e6614d7367c94e35bbe7a263c1c0bdb, type: 3}
      propertyPath: m_LocalScale.y
      value: 0.5
      objectReference: {fileID: 0}
    - target: {fileID: 588149271187314694, guid: 9e6614d7367c94e35bbe7a263c1c0bdb, type: 3}
      propertyPath: m_LocalScale.z
      value: 0.5
      objectReference: {fileID: 0}
    - target: {fileID: 588149271187314694, guid: 9e6614d7367c94e35bbe7a263c1c0bdb, type: 3}
      propertyPath: m_LocalPosition.x
      value: 0.0078
      objectReference: {fileID: 0}
    - target: {fileID: 588149271187314694, guid: 9e6614d7367c94e35bbe7a263c1c0bdb, type: 3}
      propertyPath: m_LocalPosition.y
      value: 0.0046
      objectReference: {fileID: 0}
    - target: {fileID: 588149271187314694, guid: 9e6614d7367c94e35bbe7a263c1c0bdb, type: 3}
      propertyPath: m_LocalPosition.z
      value: -0.0152
      objectReference: {fileID: 0}
    - target: {fileID: 588149271187314694, guid: 9e6614d7367c94e35bbe7a263c1c0bdb, type: 3}
      propertyPath: m_LocalRotation.w
      value: 0.7071068
      objectReference: {fileID: 0}
    - target: {fileID: 588149271187314694, guid: 9e6614d7367c94e35bbe7a263c1c0bdb, type: 3}
      propertyPath: m_LocalRotation.x
      value: 0.7071068
      objectReference: {fileID: 0}
    - target: {fileID: 588149271187314694, guid: 9e6614d7367c94e35bbe7a263c1c0bdb, type: 3}
      propertyPath: m_LocalRotation.y
      value: 0
      objectReference: {fileID: 0}
    - target: {fileID: 588149271187314694, guid: 9e6614d7367c94e35bbe7a263c1c0bdb, type: 3}
      propertyPath: m_LocalRotation.z
      value: 0
      objectReference: {fileID: 0}
    - target: {fileID: 588149271187314694, guid: 9e6614d7367c94e35bbe7a263c1c0bdb, type: 3}
      propertyPath: m_LocalEulerAnglesHint.x
      value: 90
      objectReference: {fileID: 0}
    - target: {fileID: 588149271187314694, guid: 9e6614d7367c94e35bbe7a263c1c0bdb, type: 3}
      propertyPath: m_LocalEulerAnglesHint.y
      value: 0
      objectReference: {fileID: 0}
    - target: {fileID: 588149271187314694, guid: 9e6614d7367c94e35bbe7a263c1c0bdb, type: 3}
      propertyPath: m_LocalEulerAnglesHint.z
      value: 0
      objectReference: {fileID: 0}
    m_RemovedComponents: []
  m_SourcePrefab: {fileID: 100100000, guid: 9e6614d7367c94e35bbe7a263c1c0bdb, type: 3}
--- !u!1 &5652689952078203840 stripped
GameObject:
  m_CorrespondingSourceObject: {fileID: 587048811499443926, guid: 9e6614d7367c94e35bbe7a263c1c0bdb, type: 3}
  m_PrefabInstance: {fileID: 5068799487736536342}
  m_PrefabAsset: {fileID: 0}
--- !u!4 &5656091094756197648 stripped
Transform:
  m_CorrespondingSourceObject: {fileID: 588149271187314694, guid: 9e6614d7367c94e35bbe7a263c1c0bdb, type: 3}
  m_PrefabInstance: {fileID: 5068799487736536342}
  m_PrefabAsset: {fileID: 0}
--- !u!1001 &5654106671209480755
PrefabInstance:
  m_ObjectHideFlags: 0
  serializedVersion: 2
  m_Modification:
    m_TransformParent: {fileID: 8647039083120564344}
    m_Modifications:
    - target: {fileID: 587048811499443926, guid: 9e6614d7367c94e35bbe7a263c1c0bdb, type: 3}
      propertyPath: m_Name
      value: 9mm_Bullet_2
      objectReference: {fileID: 0}
    - target: {fileID: 588149271187314694, guid: 9e6614d7367c94e35bbe7a263c1c0bdb, type: 3}
      propertyPath: m_RootOrder
      value: 1
      objectReference: {fileID: 0}
    - target: {fileID: 588149271187314694, guid: 9e6614d7367c94e35bbe7a263c1c0bdb, type: 3}
      propertyPath: m_LocalScale.x
      value: 0.5
      objectReference: {fileID: 0}
    - target: {fileID: 588149271187314694, guid: 9e6614d7367c94e35bbe7a263c1c0bdb, type: 3}
      propertyPath: m_LocalScale.y
      value: 0.5
      objectReference: {fileID: 0}
    - target: {fileID: 588149271187314694, guid: 9e6614d7367c94e35bbe7a263c1c0bdb, type: 3}
      propertyPath: m_LocalScale.z
      value: 0.5
      objectReference: {fileID: 0}
    - target: {fileID: 588149271187314694, guid: 9e6614d7367c94e35bbe7a263c1c0bdb, type: 3}
      propertyPath: m_LocalPosition.x
      value: 0.0078
      objectReference: {fileID: 0}
    - target: {fileID: 588149271187314694, guid: 9e6614d7367c94e35bbe7a263c1c0bdb, type: 3}
      propertyPath: m_LocalPosition.y
      value: -0.0046
      objectReference: {fileID: 0}
    - target: {fileID: 588149271187314694, guid: 9e6614d7367c94e35bbe7a263c1c0bdb, type: 3}
      propertyPath: m_LocalPosition.z
      value: -0.0152
      objectReference: {fileID: 0}
    - target: {fileID: 588149271187314694, guid: 9e6614d7367c94e35bbe7a263c1c0bdb, type: 3}
      propertyPath: m_LocalRotation.w
      value: 0.7071068
      objectReference: {fileID: 0}
    - target: {fileID: 588149271187314694, guid: 9e6614d7367c94e35bbe7a263c1c0bdb, type: 3}
      propertyPath: m_LocalRotation.x
      value: 0.7071068
      objectReference: {fileID: 0}
    - target: {fileID: 588149271187314694, guid: 9e6614d7367c94e35bbe7a263c1c0bdb, type: 3}
      propertyPath: m_LocalRotation.y
      value: 0
      objectReference: {fileID: 0}
    - target: {fileID: 588149271187314694, guid: 9e6614d7367c94e35bbe7a263c1c0bdb, type: 3}
      propertyPath: m_LocalRotation.z
      value: 0
      objectReference: {fileID: 0}
    - target: {fileID: 588149271187314694, guid: 9e6614d7367c94e35bbe7a263c1c0bdb, type: 3}
      propertyPath: m_LocalEulerAnglesHint.x
      value: 90
      objectReference: {fileID: 0}
    - target: {fileID: 588149271187314694, guid: 9e6614d7367c94e35bbe7a263c1c0bdb, type: 3}
      propertyPath: m_LocalEulerAnglesHint.y
      value: 0
      objectReference: {fileID: 0}
    - target: {fileID: 588149271187314694, guid: 9e6614d7367c94e35bbe7a263c1c0bdb, type: 3}
      propertyPath: m_LocalEulerAnglesHint.z
      value: 0
      objectReference: {fileID: 0}
    m_RemovedComponents: []
  m_SourcePrefab: {fileID: 100100000, guid: 9e6614d7367c94e35bbe7a263c1c0bdb, type: 3}
--- !u!4 &5070748250284087861 stripped
Transform:
  m_CorrespondingSourceObject: {fileID: 588149271187314694, guid: 9e6614d7367c94e35bbe7a263c1c0bdb, type: 3}
  m_PrefabInstance: {fileID: 5654106671209480755}
  m_PrefabAsset: {fileID: 0}
--- !u!1 &5067378368428037349 stripped
GameObject:
  m_CorrespondingSourceObject: {fileID: 587048811499443926, guid: 9e6614d7367c94e35bbe7a263c1c0bdb, type: 3}
  m_PrefabInstance: {fileID: 5654106671209480755}
  m_PrefabAsset: {fileID: 0}
--- !u!1001 &6921396071245557440
PrefabInstance:
  m_ObjectHideFlags: 0
  serializedVersion: 2
  m_Modification:
    m_TransformParent: {fileID: 2837311455005089105}
    m_Modifications:
    - target: {fileID: 1584403288528622, guid: 6c0129cb4e760b149aa2768ce94e3f22, type: 3}
      propertyPath: m_Name
      value: Flashy_GoldFire_Small_MuzzleFlare
      objectReference: {fileID: 0}
    - target: {fileID: 4074934030344262, guid: 6c0129cb4e760b149aa2768ce94e3f22, type: 3}
      propertyPath: m_RootOrder
      value: 8
      objectReference: {fileID: 0}
    - target: {fileID: 4074934030344262, guid: 6c0129cb4e760b149aa2768ce94e3f22, type: 3}
      propertyPath: m_LocalScale.x
      value: 0.1
      objectReference: {fileID: 0}
    - target: {fileID: 4074934030344262, guid: 6c0129cb4e760b149aa2768ce94e3f22, type: 3}
      propertyPath: m_LocalScale.y
      value: 0.1
      objectReference: {fileID: 0}
    - target: {fileID: 4074934030344262, guid: 6c0129cb4e760b149aa2768ce94e3f22, type: 3}
      propertyPath: m_LocalScale.z
      value: 0.1
      objectReference: {fileID: 0}
    - target: {fileID: 4074934030344262, guid: 6c0129cb4e760b149aa2768ce94e3f22, type: 3}
      propertyPath: m_LocalPosition.x
      value: 0
      objectReference: {fileID: 0}
    - target: {fileID: 4074934030344262, guid: 6c0129cb4e760b149aa2768ce94e3f22, type: 3}
      propertyPath: m_LocalPosition.y
      value: 0.0423
      objectReference: {fileID: 0}
    - target: {fileID: 4074934030344262, guid: 6c0129cb4e760b149aa2768ce94e3f22, type: 3}
      propertyPath: m_LocalPosition.z
      value: 0.2232
      objectReference: {fileID: 0}
    - target: {fileID: 4074934030344262, guid: 6c0129cb4e760b149aa2768ce94e3f22, type: 3}
      propertyPath: m_LocalRotation.w
      value: 0.7071068
      objectReference: {fileID: 0}
    - target: {fileID: 4074934030344262, guid: 6c0129cb4e760b149aa2768ce94e3f22, type: 3}
      propertyPath: m_LocalRotation.x
      value: 0
      objectReference: {fileID: 0}
    - target: {fileID: 4074934030344262, guid: 6c0129cb4e760b149aa2768ce94e3f22, type: 3}
      propertyPath: m_LocalRotation.y
      value: -0.7071068
      objectReference: {fileID: 0}
    - target: {fileID: 4074934030344262, guid: 6c0129cb4e760b149aa2768ce94e3f22, type: 3}
      propertyPath: m_LocalRotation.z
      value: 0
      objectReference: {fileID: 0}
    - target: {fileID: 4074934030344262, guid: 6c0129cb4e760b149aa2768ce94e3f22, type: 3}
      propertyPath: m_LocalEulerAnglesHint.x
      value: 0
      objectReference: {fileID: 0}
    - target: {fileID: 4074934030344262, guid: 6c0129cb4e760b149aa2768ce94e3f22, type: 3}
      propertyPath: m_LocalEulerAnglesHint.y
      value: -90
      objectReference: {fileID: 0}
    - target: {fileID: 4074934030344262, guid: 6c0129cb4e760b149aa2768ce94e3f22, type: 3}
      propertyPath: m_LocalEulerAnglesHint.z
      value: 0
      objectReference: {fileID: 0}
    - target: {fileID: 198281571373799116, guid: 6c0129cb4e760b149aa2768ce94e3f22, type: 3}
      propertyPath: playOnAwake
      value: 0
      objectReference: {fileID: 0}
    - target: {fileID: 198391641889980584, guid: 6c0129cb4e760b149aa2768ce94e3f22, type: 3}
      propertyPath: playOnAwake
      value: 0
      objectReference: {fileID: 0}
    - target: {fileID: 198582074855766356, guid: 6c0129cb4e760b149aa2768ce94e3f22, type: 3}
      propertyPath: playOnAwake
      value: 0
      objectReference: {fileID: 0}
    - target: {fileID: 198686446084952802, guid: 6c0129cb4e760b149aa2768ce94e3f22, type: 3}
      propertyPath: playOnAwake
      value: 0
      objectReference: {fileID: 0}
    - target: {fileID: 199325038705722070, guid: 6c0129cb4e760b149aa2768ce94e3f22, type: 3}
      propertyPath: m_Materials.Array.size
      value: 1
      objectReference: {fileID: 0}
    - target: {fileID: 199555605464440380, guid: 6c0129cb4e760b149aa2768ce94e3f22, type: 3}
      propertyPath: m_Materials.Array.size
      value: 1
      objectReference: {fileID: 0}
    - target: {fileID: 199748648057568368, guid: 6c0129cb4e760b149aa2768ce94e3f22, type: 3}
      propertyPath: m_Materials.Array.size
      value: 1
      objectReference: {fileID: 0}
    - target: {fileID: 199942108029428794, guid: 6c0129cb4e760b149aa2768ce94e3f22, type: 3}
      propertyPath: m_Materials.Array.size
      value: 1
      objectReference: {fileID: 0}
    m_RemovedComponents:
    - {fileID: 114715709320567964, guid: 6c0129cb4e760b149aa2768ce94e3f22, type: 3}
  m_SourcePrefab: {fileID: 100100000, guid: 6c0129cb4e760b149aa2768ce94e3f22, type: 3}
--- !u!4 &6918592460524129926 stripped
Transform:
  m_CorrespondingSourceObject: {fileID: 4074934030344262, guid: 6c0129cb4e760b149aa2768ce94e3f22, type: 3}
  m_PrefabInstance: {fileID: 6921396071245557440}
  m_PrefabAsset: {fileID: 0}
--- !u!198 &7119167689296460834 stripped
ParticleSystem:
  m_CorrespondingSourceObject: {fileID: 198686446084952802, guid: 6c0129cb4e760b149aa2768ce94e3f22, type: 3}
  m_PrefabInstance: {fileID: 6921396071245557440}
  m_PrefabAsset: {fileID: 0}
--- !u!1001 &7300612793627876080
PrefabInstance:
  m_ObjectHideFlags: 0
  serializedVersion: 2
  m_Modification:
    m_TransformParent: {fileID: 8647039083120564344}
    m_Modifications:
    - target: {fileID: 587048811499443926, guid: 9e6614d7367c94e35bbe7a263c1c0bdb, type: 3}
      propertyPath: m_Name
      value: 9mm_Bullet_4
      objectReference: {fileID: 0}
    - target: {fileID: 588149271187314694, guid: 9e6614d7367c94e35bbe7a263c1c0bdb, type: 3}
      propertyPath: m_RootOrder
      value: 3
      objectReference: {fileID: 0}
    - target: {fileID: 588149271187314694, guid: 9e6614d7367c94e35bbe7a263c1c0bdb, type: 3}
      propertyPath: m_LocalScale.x
      value: 0.5
      objectReference: {fileID: 0}
    - target: {fileID: 588149271187314694, guid: 9e6614d7367c94e35bbe7a263c1c0bdb, type: 3}
      propertyPath: m_LocalScale.y
      value: 0.5
      objectReference: {fileID: 0}
    - target: {fileID: 588149271187314694, guid: 9e6614d7367c94e35bbe7a263c1c0bdb, type: 3}
      propertyPath: m_LocalScale.z
      value: 0.5
      objectReference: {fileID: 0}
    - target: {fileID: 588149271187314694, guid: 9e6614d7367c94e35bbe7a263c1c0bdb, type: 3}
      propertyPath: m_LocalPosition.x
      value: -0.0078
      objectReference: {fileID: 0}
    - target: {fileID: 588149271187314694, guid: 9e6614d7367c94e35bbe7a263c1c0bdb, type: 3}
      propertyPath: m_LocalPosition.y
      value: -0.0046
      objectReference: {fileID: 0}
    - target: {fileID: 588149271187314694, guid: 9e6614d7367c94e35bbe7a263c1c0bdb, type: 3}
      propertyPath: m_LocalPosition.z
      value: -0.0152
      objectReference: {fileID: 0}
    - target: {fileID: 588149271187314694, guid: 9e6614d7367c94e35bbe7a263c1c0bdb, type: 3}
      propertyPath: m_LocalRotation.w
      value: 0.7071068
      objectReference: {fileID: 0}
    - target: {fileID: 588149271187314694, guid: 9e6614d7367c94e35bbe7a263c1c0bdb, type: 3}
      propertyPath: m_LocalRotation.x
      value: 0.7071068
      objectReference: {fileID: 0}
    - target: {fileID: 588149271187314694, guid: 9e6614d7367c94e35bbe7a263c1c0bdb, type: 3}
      propertyPath: m_LocalRotation.y
      value: 0
      objectReference: {fileID: 0}
    - target: {fileID: 588149271187314694, guid: 9e6614d7367c94e35bbe7a263c1c0bdb, type: 3}
      propertyPath: m_LocalRotation.z
      value: 0
      objectReference: {fileID: 0}
    - target: {fileID: 588149271187314694, guid: 9e6614d7367c94e35bbe7a263c1c0bdb, type: 3}
      propertyPath: m_LocalEulerAnglesHint.x
      value: 90
      objectReference: {fileID: 0}
    - target: {fileID: 588149271187314694, guid: 9e6614d7367c94e35bbe7a263c1c0bdb, type: 3}
      propertyPath: m_LocalEulerAnglesHint.y
      value: 0
      objectReference: {fileID: 0}
    - target: {fileID: 588149271187314694, guid: 9e6614d7367c94e35bbe7a263c1c0bdb, type: 3}
      propertyPath: m_LocalEulerAnglesHint.z
      value: 0
      objectReference: {fileID: 0}
    m_RemovedComponents: []
  m_SourcePrefab: {fileID: 100100000, guid: 9e6614d7367c94e35bbe7a263c1c0bdb, type: 3}
--- !u!4 &7888470374258230006 stripped
Transform:
  m_CorrespondingSourceObject: {fileID: 588149271187314694, guid: 9e6614d7367c94e35bbe7a263c1c0bdb, type: 3}
  m_PrefabInstance: {fileID: 7300612793627876080}
  m_PrefabAsset: {fileID: 0}
--- !u!1 &7887317453622070310 stripped
GameObject:
  m_CorrespondingSourceObject: {fileID: 587048811499443926, guid: 9e6614d7367c94e35bbe7a263c1c0bdb, type: 3}
  m_PrefabInstance: {fileID: 7300612793627876080}
  m_PrefabAsset: {fileID: 0}
